3028 4894
679 352 726 422 45

108 530 145 591 de
159 531 341 594 dissensione
355 531 523 594 ludaeorum
539 534 748 608 altercantium,
763 549 831 594 num
847 532 978 595 domnus
1000 536 1031 595 in
1041 533 1189 597 Bethleem
1204 533 1282 597 Gali·

107 638 171 712 leae,
192 654 231 698 an
247 639 279 698 iu
292 639 441 699 Bethleem
454 639 593 713 prrotae
608 641 689 700 nasci
704 639 858 700 debuisset.
897 641 980 716 Item,
1002 657 1093 714 quare
1107 642 1191 701 Jesus
1206 643 1284 702 Mes·

109 743 168 802 sias
187 741 358 802 Nazarenus
380 749 497 804 uocatus
518 745 557 804 sit
578 749 608 804 et
627 743 702 804 unde
722 744 785 805 hac
805 747 949 807 sententie
973 746 1131 822 desumpta.
1170 747 1285 807 Scilicet

109 847 279 908 Nazarenus
298 847 464 924 vocabitur,
489 866 553 909 cum
571 851 655 924 juxta
674 849 702 910 d.
724 851 930 925 Hieronymum
953 854 983 912 in
1003 853 1088 912 nullis
1110 851 1192 912 libris
1215 870 1281 926 pro·

109 952 262 1025 phetarum
287 955 459 1027 reperiatur.
502 953 607 1014 Aiebat
631 961 727 1015 autem
748 957 778 1014 in
801 957 875 1018 libro
893 957 1026 1019 Judicum
1053 975 1116 1032 cap.
1138 959 1187 1018 xvi
1201 959 1281 1018 inue-

109 1058 174 1132 niri,
190 1074 293 1133 nempe
309 1058 344 1118 de
360 1059 513 1134 Samsone,
536 1060 585 1133 qui
603 1058 699 1121 fuerat
712 1059 806 1135 figura
825 1062 987 1122 educatoris.
1023 1062 1099 1122 Nam
1114 1066 1146 1122 ut
1161 1063 1282 1123 Samson

108 1163 207 1236 plures
230 1165 355 1223 moriens
376 1163 519 1224 interfecit
541 1181 627 1238 quam
647 1166 760 1240 vivens,
781 1167 822 1226 sic
838 1166 967 1228 Christus
990 1183 1075 1227 verus
1089 1168 1176 1228 heros
1190 1176 1282 1229 morte

108 1283 161 1327 sua
176 1267 331 1342 diabolum,
356 1266 500 1328 infernum
515 1275 545 1331 et
558 1269 695 1329 mundum
711 1270 823 1332 devicit.
860 1272 937 1332 Huic
951 1289 1021 1347 crgo
1040 1274 1166 1348 glorioso
1181 1274 1281 1332 trium-

108 1373 232 1448 phatori,
242 1374 292 1447 qui
300 1390 519 1447 suosuunquam
529 1374 717 1435 derelicturus
726 1383 778 1451 est,
792 1393 901 1436 summa
909 1375 1015 1437 fiducia
1027 1377 1176 1437 adhaerere
1185 1378 1279 1450 jussit.
1364 1406 1377 1418 ·

109 1478 193 1550 Quod
208 1480 291 1540 nobis
311 1480 441 1540 omnibus
459 1479 534 1540 idem
556 1480 697 1555 benignus
719 1468 863 1558 deminus,
887 1482 933 1541 cui
952 1496 1015 1541 oum
1035 1485 1117 1556 patre
1138 1487 1167 1543 et
1181 1488 1280 1542 sancto

108 1585 212 1658 spiritu
225 1585 257 1643 in
273 1586 446 1658 sempiterna
460 1586 498 1644 sit
511 1584 613 1660 gloria,
631 1584 725 1646 donet.
749 1587 853 1647 Amen.

196 1689 300 1750 Statim
317 1707 336 1750 a
350 1691 485 1750 concione
498 1691 672 1764 praedicator
686 1691 731 1752 bis
746 1693 795 1767 qui
811 1709 900 1752 sacrae
917 1691 1032 1767 synaxis
1046 1689 1201 1765 participes
1216 1687 1279 1748 fieri

108 1793 257 1869 uolebant,
282 1797 446 1868 paraenesin
466 1795 727 1858 christianissimam
750 1797 889 1873 adhibuit,
905 1799 1065 1872 praelegens
1080 1800 1279 1870 argumentum

107 1900 285 1959 exomoliosis
304 1897 315 1935 ¹
330 1901 451 1973 publice.
490 1901 600 1961 Jubens
614 1903 757 1976 praecipue
765 1902 859 1962 Deum
874 1906 1001 1976 orarent,
1017 1906 1050 1961 ut
1063 1900 1182 1960 verbum
1197 1915 1279 1959 suum

106 2005 188 2066 nobis
205 2004 312 2065 diutius
327 2007 474 2080 impartire
490 2006 666 2080 dignaretur.
693 2005 875 2067 Caeremoniae
890 2013 987 2069 autem
1000 2007 1046 2066 ha
1061 2005 1123 2066 fere
1138 2004 1276 2078 inAugu·

107 2116 191 2171 staua
206 2112 335 2185 ecclesia,
351 2113 400 2172 ubi
415 2112 537 2186 populus
558 2111 597 2171 ad
618 2113 784 2172 sumendam
799 2113 1001 2198 eucharistiam
1017 2111 1136 2184 accedit,
1160 2125 1276 2169 servan·

105 2222 164 2276 tur.
188 2217 224 2276 In
237 2218 336 2291 templi
351 2219 439 2278 choro
454 2218 600 2277 Minorum
615 2218 707 2278 altare
723 2235 857 2292 magnum
872 2224 929 2294 est,
952 2224 1019 2278 anto
1034 2214 1112 2291 quod
1125 2215 1219 2290 posita
1233 2219 1279 2274 est

105 2313 205 2380 iueusa
220 2337 283 2380 cum
306 2322 392 2381 altori
406 2321 534 2382 vectibus
549 2323 651 2396 ligneis
667 2323 793 2397 occlusa,
816 2324 872 2397 ita,
895 2329 927 2382 ut
946 2323 999 2382 soli
1020 2319 1185 2382 sacerdotes
1200 2320 1277 2380 intra

103 2427 176 2486 illud
191 2427 346 2502 spaciclum
361 2431 464 2501 astent,
488 2431 517 2486 et
530 2433 716 2501 posteaquam
730 2427 811 2502 plebs
833 2429 982 2502 utriusque
1002 2443 1086 2486 sexus
1108 2424 1208 2498 ordine
1223 2441 1276 2484 suo

104 2538 163 2594 stat
176 2535 223 2593 vel
237 2532 409 2608 consederit,
425 2534 566 2606 parochus
581 2535 718 2593 nonnulla
737 2534 813 2593 bunc
831 2539 925 2592 actum
948 2531 1150 2592 concernentia
1163 2547 1274 2605 germa-

104 2639 170 2698 nico
186 2637 320 2698 idiomate
335 2640 414 2714 legit,
425 2639 514 2700 verba
528 2639 750 2699 consecrationis
764 2636 914 2711 proferens
930 2641 1035 2696 etmox
1049 2635 1172 2694 ministri
1187 2635 1276 2696 ecole-

104 2744 165 2818 siae,
181 2740 255 2802 facie
268 2742 307 2803 ad
321 2745 457 2817 populum
471 2760 564 2818 versa,
581 2760 683 2817 panem
699 2747 727 2802 et
742 2741 860 2802 calicem
874 2741 905 2800 in
919 2758 1020 2802 manus
1035 2745 1149 2800 sumunt
1163 2755 1273 2800 recum·

105 2850 208 2909 bentes
224 2849 261 2908 ad
275 2849 415 2908 cancellos
430 2849 538 2924 atrioli,
563 2851 604 2909 ita
623 2854 656 2908 ut
670 2849 708 2909 ad
723 2849 824 2907 laeuam
844 2847 945 2906 altoris
959 2843 1084 2907 foeminae
1105 2846 1275 2920 accipientes

103 2960 255 3028 utramque
270 2955 394 3028 speciem
409 2954 555 3029 accedant,
565 2955 602 3015 ad
618 2954 747 3014 dextram
761 2953 815 3013 viri
831 2958 896 3027 ete,
913 2969 947 3014 eo
962 2958 1058 3012 tamen
1073 2949 1174 3012 ordine
1189 2958 1274 3026 atque

104 3074 139 3118 ea
156 3059 295 3134 decentia,
311 3076 348 3119 ne
363 3061 408 3118 vel
423 3060 478 3119 viri
493 3060 635 3133 mulieres,
651 3059 697 3118 vel
711 3059 846 3117 mulieres
862 3059 937 3118 viros
957 3059 988 3117 in
1007 3074 1123 3118 accessu
1138 3059 1274 3118 intertur-

102 3164 182 3224 bent.
206 3165 343 3244 Liberum
357 3181 470 3239 quoque
493 3171 537 3224 est
550 3166 700 3238 utriusque
716 3181 800 3224 sexus
816 3165 991 3238 bominibus,
1013 3165 1038 3223 si
1060 3165 1124 3238 quis
1139 3179 1274 3238 panemo

102 3269 233 3329 manibus
249 3268 430 3330 sacerdotum
444 3271 490 3329 vel
505 3271 564 3328 suis
579 3270 704 3344 propriis
719 3270 762 3329 ori
778 3286 830 3330 suo
845 3269 998 3329 admovere
1012 3271 1088 3342 velit,
1110 3268 1185 3330 idem
1200 3286 1271 3342 quo·

103 3390 158 3448 que
173 3373 208 3433 de
224 3375 321 3434 calice.
344 3375 420 3434 Dum
435 3375 498 3434 baec
510 3372 594 3448 fiunt,
611 3374 800 3433 ecclesiaDeo
814 3374 913 3434 laudes
925 3374 1067 3433 decantat.
1091 3375 1162 3433 Post
1176 3390 1271 3446 sump-

101 3480 208 3540 tionem
230 3486 475 3541 sacramentorum
495 3495 596 3538 rursus
616 3495 668 3553 per
683 3479 862 3540 sacerdotem
876 3477 910 3538 fit
924 3478 1090 3537 admonitio.
1123 3477 1273 3550 Leguntur

101 3599 202 3658 preces
218 3599 308 3644 sacrae
324 3591 353 3644 et
368 3586 409 3644 sio
424 3585 545 3644 ccclesia
560 3585 720 3644 dimittitur.

189 3688 348 3750 Dicebatur
362 3691 462 3750 eadem
470 3687 768 3750 OttboBerckenfeldt
781 3685 941 3747 advenisse.
970 3685 1081 3746 Eadem
1096 3685 1188 3759 maior
1202 3700 1272 3761 pars

99 3792 234 3854 famulitii
249 3796 340 3855 nostri
356 3796 443 3870 regiae
458 3800 488 3854 et
502 3810 634 3854 casarea
649 3794 743 3852 missae
758 3792 905 3867 spectandi
919 3809 988 3867 ergo
1003 3790 1134 3852 adfuere.

189 3899 236 3959 Ad
254 3901 370 3960 tertiam
394 3899 619 3974 pomeridianam
643 3899 681 3958 D.
703 3899 852 3958 Masculus
874 3903 1065 3973 prosequutus
1095 3903 1140 3958 est
1161 3903 1272 3958 textum

98 4004 222 4065 loannis
237 4007 309 4080 xiiij,
330 4005 439 4064 scilicet
459 4005 521 4064 haee
542 4004 645 4065 verba:
669 4003 773 4064 Pacem
794 4003 925 4078 relinquo
947 4005 1037 4080 vobis,
1060 4019 1160 4078 pacem
1179 4018 1272 4061 meam

98 4109 136 4169 do
151 4109 243 4186 vobis,
259 4126 318 4169 non
334 4111 407 4168 sicut
421 4109 544 4169 mundus
560 4109 619 4184 dat,
636 4124 698 4167 eam
715 4110 752 4169 do
767 4110 847 4170 vobis
863 4114 916 4169 etc.
933 4124 1078 4185 exponens
1093 4109 1148 4178 ait,
1171 4119 1271 4179 paoem

98 4215 208 4274 Ohmsti
223 4231 286 4275 esse
301 4230 400 4299 pacem
415 4219 540 4290 epatre,
556 4230 657 4290 pacem
671 4230 735 4273 com
755 4219 838 4288 patre
859 4219 888 4274 et
902 4231 999 4305 paoem
1016 4228 1102 4288 quam
1117 4210 1271 4285 geriacum

680 4349 696 4386 ’Β

174 4443 186 4490 1
207 4437 401 4506 exomologesis
418 4435 533 4504 publicae
551 4436 569 4488 i.
589 4451 611 4486 o.
629 4433 744 4502 publica
762 4433 952 4486 consessionis.-
