2966 4900
64 529 245 604 erangelium
261 531 432 606 recipiunt,
448 533 490 592 ita
504 532 662 607 recipiunt,
686 537 718 590 ιιι
733 537 828 592 tumen
847 533 962 592 interim
982 532 1086 594 nullius
1100 532 1254 595 commodi·

62 634 127 692 tatis
141 649 249 694 carere
265 637 385 711 velint,
410 637 487 711 quod
502 643 531 696 et
546 653 621 696 nune
636 640 834 710 perseeutione
849 638 1001 712 ingruente
1020 637 1158 698 videmus.
1182 639 1254 698 Nul-
1277 690 1282 697 .

62 739 103 796 lus
118 741 195 797 enim
216 742 402 817 principum
422 727 475 804 aut
496 759 665 818 magnorum
685 759 834 817 procerum
857 750 916 818 est,
942 744 991 817 qui
1010 743 1162 816 ingratiam
1177 743 1256 803 uerbi

62 843 104 900 ιιι
127 823 287 904 minimum
314 849 395 920 quid
416 865 502 922 opum
522 866 638 909 suarum
657 848 726 908 velit
745 849 893 922 negligere
907 849 954 910 rel
969 847 1140 921 relinquere.
1177 847 1256 906 Etsi

61 947 132 1008 forte
154 951 342 1024 regiuncula
366 954 467 1028 aliqua
489 954 677 1027 relinquenda
696 960 726 1014 et
746 954 908 1028 voluptates
929 954 966 1016 ob
989 953 1168 1028 evangelium
1187 969 1254 1013 eou-

62 1053 234 1128 temnendo,
251 1071 319 1116 non
330 1059 435 1118 solum
450 1058 539 1120 verbo
553 1059 707 1135 evangelii,
724 1058 836 1120 sedvel
851 1058 965 1122 Christo
980 1062 1043 1134 ipso
1058 1061 1088 1118 in
1102 1064 1193 1120 totum
1208 1075 1254 1120 re·

62 1161 227 1218 nunciaturi
244 1163 321 1222 sint.

146 1264 282 1326 Domine
299 1268 381 1328 Jesu
397 1266 526 1340 Christe,
549 1269 598 1342 qui
617 1269 675 1326 tuis
695 1269 794 1332 muudi
818 1269 914 1330 odium
934 1275 964 1328 et
983 1269 1211 1344 persecutionem
1224 1269 1255 1328 iu

62 1369 135 1440 ipsos
150 1370 330 1444 predicere
355 1374 472 1460 voluisti
496 1379 527 1433 et
547 1373 644 1432 multis
666 1373 758 1434 modis
780 1375 889 1433 ammos
905 1389 1003 1433 eorum
1018 1370 1195 1448 confortasti,
1220 1387 1256 1432 eu

64 1472 191 1550 domine,
214 1477 384 1537 inveniunt
406 1495 481 1537 nune
500 1495 552 1538 nos
570 1479 633 1538 bae
646 1479 721 1538 mela
738 1479 833 1539 omnia
848 1485 879 1539 et
899 1477 970 1536 nibil
986 1492 1137 1552 superesse
1151 1476 1256 1550 reliqui

65 1577 184 1655 videtur,
205 1582 268 1642 nisi
286 1583 375 1656 quud
388 1581 532 1658 pollicitus
543 1599 583 1655 es,
599 1590 629 1644 te
643 1599 861 1659 permansurum
872 1581 1020 1643 nobiscum
1034 1580 1175 1655 usquead
1189 1596 1256 1640 con·

66 1687 291 1748 summationem
315 1689 417 1749 seculi.
446 1689 538 1764 Igitur
560 1689 609 1761 da,
634 1695 667 1748 ut
682 1689 822 1764 possimus
846 1689 1005 1748 ιιιιιιιιιοιιι
1019 1689 1074 1748 ιιι
1088 1687 1256 1762 gravissime

66 1788 233 1866 subsistere,
253 1809 319 1866 quo
335 1800 367 1853 ts
382 1796 515 1854 veniente
528 1795 655 1854 levemus
671 1794 766 1870 capita
787 1799 887 1855 nostra
902 1791 983 1854 etde
998 1798 1048 1854 tua
1062 1793 1189 1867 gratuita
1202 1792 1254 1853 bo·

68 1892 156 1952 nitate
186 1911 339 1958 eoronam
368 1900 467 1972 gloria
496 1915 559 1958 cum
581 1899 712 1960 omnibus
733 1899 831 1959 electis
856 1899 913 1958 tuis
936 1901 1125 1972 reportemus.
1163 1897 1255 1972 quue

71 2003 188 2073 propter
217 2019 372 2064 summam
393 2010 472 2064 tuam
497 2005 670 2078 bonitatem,
695 2004 820 2080 domine,
846 2003 891 2064 o'ui
911 2019 975 2064 cum
997 2009 1081 2078 patre
1103 2009 1132 2064 et
1156 2009 1254 2065 saneto

70 2102 171 2172 spiritu
185 2106 301 2184 honor,
319 2111 386 2170 lans
400 2111 438 2169 sit
453 2114 484 2169 et
497 2111 599 2186 gloria.
624 2109 725 2170 Amen.
910 2163 914 2172 .

153 2210 276 2275 Eadem
298 2218 382 2276 venit
395 2214 525 2274 Joannes
547 2216 628 2276 nobis
648 2233 666 2275 a
680 2215 802 2289 pedibus
817 2232 835 2275 a
849 2214 962 2274 Joanne
985 2213 1122 2274 Galeotae
1137 2219 1167 2273 et
1181 2214 1254 2274 Her·

74 2325 173 2374 nanno
187 2317 294 2380 Nellio
318 2317 533 2380 uobis'litreras
553 2319 701 2395 adferens,
725 2319 936 2382 boloniensium
958 2323 987 2378 et
1006 2318 1210 2378 monachorum
1224 2319 1255 2376 in

77 2419 239 2482 comitatum
262 2431 398 2486 nostrum
420 2425 619 2488 infestationes
643 2431 856 2486 concernentes.
892 2422 1007 2484 Detulit
1030 2426 1060 2482 et
1088 2421 1197 2482 litteras
1219 2420 1255 2480 ab

80 2521 421 2590 erseemaamborium.
675 2513 679 2518 '

160 2631 245 2694 Nota
271 2639 323 2709 qui
346 2634 430 2695 fieret
456 2636 544 2710 quod·
557 2637 739 2696 Hermannus
765 2633 837 2694 nibil
864 2634 900 2694 de
919 2633 1041 2708 pecunia
1065 2631 1254 2706 rescripserit.

82 2729 222 2806 Nepotem
238 2745 374 2800 nostrum
390 2741 549 2800 Samuelem
564 2741 691 2801 noudum
706 2755 820 2814 quoque
836 2737 1013 2800 Waldeeiem
1029 2737 1181 2812 appulisse.

163 2843 303 2906 Vidimus
319 2844 418 2905 eadem
433 2845 550 2907 Werdae
567 2846 680 2905 domum
695 2844 814 2904 Antonii
822 2844 949 2918 Fuggeri
964 2845 1041 2904 intra
1056 2843 1163 2903 moenia
1178 2840 1255 2900 urbis

83 2956 251 3018 manarum
281 2967 367 3026 opum
388 2951 610 3012 ostentatrioem.
649 2951 741 3026 Regia
764 2965 827 3010 esse
845 2949 937 3023 possit
957 2943 1106 3008 habitatio.
1146 2945 1256 3006 camni

86 3046 191 3122 oliqmt
205 3072 244 3114 ex
258 3072 402 3116 marmore
417 3056 555 3130 candido,
582 3072 639 3114 non
655 3063 750 3116 tamen
765 3055 847 3130 pario
870 3054 922 3114 sed
935 3054 1108 3127 Eistatense,
1125 3051 1255 3114 tabulata

86 3167 118 3209 ιιι
132 3155 210 3230 ligno
227 3163 303 3222 varii
319 3163 441 3236 generis,
458 3162 605 3234 laquearia
621 3161 759 3222 deaurata
779 3161 826 3220 vel
846 3161 942 3235 potius
957 3176 1059 3220 aurum
1074 3156 1142 3218 ficto
1157 3157 1252 3218 colore

13 3319 15 3322 ,
89 3264 232 3342 ementita,
258 3272 291 3326 ut
312 3267 348 3326 de
369 3268 540 3340 pavimentis
560 3265 667 3327 affabre
681 3268 805 3341 planatis
827 3271 936 3326 taceam
952 3281 1004 3326 sna
1018 3265 1141 3340 planicie
1156 3279 1255 3336 super-

88 3351 239 3432 bientibus‘.
263 3372 380 3431 Etcum
395 3371 445 3431 alii
460 3372 661 3432 exurentibus
676 3373 766 3444 pratis
776 3372 875 3431 hortos
887 3369 1026 3430 dedalios
1041 3367 1255 3444 magnifaciunt,

14 3523 15 3526 ,
91 3463 132 3524 hio
150 3473 250 3536 videre
272 3481 335 3536 erat
353 3476 512 3549 labyrintes
536 3477 747 3550 inpavimento
773 3493 808 3535 ex
824 3477 967 3535 asseribus
983 3474 1084 3534 dolatis
1099 3474 1172 3533 miro
1186 3473 1255 3532 insi·

15 3596 17 3626 2
91 3579 220 3642 ssutmine
240 3583 355 3642 structis
373 3581 553 3640 lineamentis
576 3597 628 3654 per
643 3597 729 3655 gyros
745 3584 774 3640 et
788 3580 962 3650 maeandros,
988 3585 1024 3637 ert
1039 3579 1146 3652 quibus
1159 3577 1254 3638 deam·

94 3673 188 3743 buleus
203 3684 358 3748 difficulter
378 3701 409 3746 se
431 3686 487 3745 nisi
505 3685 677 3745 lineamenta
697 3685 840 3745 transiliat
827 3689 962 3744 teruere
981 3687 1085 3758 potest.
1125 3682 1182 3743 Sed
1200 3683 1257 3742 sint

15 3811 18 3866 ι
93 3784 147 3844 suis
162 3788 299 3853 divitibus
314 3807 399 3866 opes,
424 3791 473 3863 qui
492 3788 568 3852 lorte
582 3789 724 3850 civitatem
749 3793 963 3864 permanentem
977 3789 1024 3850 hio
1037 3787 1181 3851 adificare
1196 3793 1256 3849 sto·

14 3875 16 3917 ¹
95 3888 182 3952 uma.
204 3895 277 3956 Inde
291 3894 476 3956 redeuntibus
490 3895 597 3970 hospes
611 3901 676 3954 nost
676 3911 708 3954 er
724 3911 749 3954 ae
749 3896 876 3969 thiopem
891 3909 1047 3990 cursorem,
1065 3913 1114 3972 qur
1105 3893 1256 3966 Hispano

96 4000 224 4060 ostede
248 4001 386 4076 principis
410 4000 558 4074 Oscorum
572 3998 708 4074 praefecto
724 4017 742 4060 a
758 4000 879 4076 pedibus
900 4002 1001 4074 servit,
1022 4012 1143 4070 eonspee
1143 4001 1189 4054 tus
1143 3995 1255 4080 tho·

98 4097 192 4164 minem
206 4106 244 4165 ad
259 4123 289 4165 se
304 4107 425 4166 vocam.
442 4129 445 4138 ⁴
465 4105 552 4178 Quem
573 4106 622 4165 ubi
643 4106 679 4167 de
698 4106 835 4182 principis
850 4107 1014 4167 valetudine
1031 4111 1060 4164 et
1074 4112 1198 4174 quonam
1212 4096 1254 4155 lo-

99 4213 187 4269 torum
200 4227 277 4270 nunc
296 4215 494 4270 asservaretur
513 4225 688 4288 rogaremus,
703 4213 867 4287 respondit:
841 4211 950 4272 tSub
973 4213 1084 4268 noctua
1098 4217 1162 4260 oum
1177 4201 1254 4275 oapi·

99 4307 175 4374 toneo
187 4333 251 4378 meo
273 4318 304 4376 in
319 4315 395 4375 Heln
410 4315 567 4375 suevorum
585 4317 772 4390 pernoctavit.
811 4318 845 4374 In
865 4331 900 4374 ea
920 4314 996 4373 anim
1009 4310 1080 4369 urbe
1094 4305 1257 4380 hispanicus

100 4421 230 4486 exercitus
245 4437 313 4484 una.
318 4437 382 4482 eum
396 4417 577 4496 landtgrario
589 4437 701 4492 memes
712 4421 784 4483 duos
795 4418 944 4492 ueusigst.
967 4412 1062 4478 Jussi'
1054 4412 1094 4488 ιιι
1094 4416 1142 4474 tor
1156 4411 1256 4478 adio·
