2940 4900
660 381 722 445 155

81 563 135 622 vel
163 562 321 636 supercilia
344 561 456 634 erigere
487 560 640 636 debebant,
669 563 780 622 etiamsi
807 569 954 638 praecepta
980 561 1086 622 Christi
1113 567 1271 638 servarent,

78 667 178 740 juxta
191 667 281 725 illud:
305 664 375 724 Cum
393 663 518 724 feceritis
537 667 633 724 omnin
652 681 715 738 quae
736 665 874 726 debuistis
894 666 1002 741 facere,
1026 664 1112 728 dicite
1132 671 1208 728 servi
1226 671 1270 727 iu·

82 771 183 830 utiles
199 787 308 828 sumus.
337 769 411 829 Esto
426 770 501 827 enirn
516 769 592 842 quod
606 768 694 828 simus
708 770 791 828 amici
807 776 836 830 et
849 771 954 830 iratres
971 771 1086 845 Christi,
1101 778 1198 832 tamen
1213 789 1272 832 non

82 891 193 934 sumus
209 881 315 934 natura
328 872 390 947 filii,
414 873 488 932 sicut
501 874 526 931 is
541 880 593 946 est,
618 875 668 946 qui
683 880 727 933 est
740 877 946 948 primogenitus
961 877 1046 948 patri,
1055 891 1057 898 ’
1067 891 1167 934 verum
1182 875 1271 950 adop·

82 979 155 1037 tieii
171 993 279 1037 snmus.
309 977 390 1036 Deus
405 977 454 1050 qni
469 993 520 1035 nos
536 978 622 1036 ducet
635 994 689 1051 pro
708 977 784 1054 filiIs,
808 981 832 1038 si
848 980 955 1039 Christi
974 985 1120 1054 praecepte
1138 980 1272 1040 observa·

83 1099 168 1156 mus,
194 1083 220 1141 si
235 1086 321 1140 noctu
340 1082 446 1154 dinque
466 1083 497 1139 in
515 1081 571 1139 hoc
589 1081 683 1154 ipsum
702 1083 848 1158 instemus,
871 1085 953 1144 nobis
973 1090 1068 1144 antem
1086 1083 1131 1142 his
1151 1100 1210 1142 non
1229 1085 1272 1142 ita

86 1186 289 1260 blandiamur,
314 1191 356 1258 nt,
379 1185 479 1245 relicto
494 1184 583 1243 verbo
599 1192 629 1244 et
642 1186 810 1246 intermissis
826 1187 977 1261 praeceptis
993 1187 1107 1262 Christi,
1131 1186 1199 1246 belli
1219 1203 1270 1247 no·

87 1289 137 1348 bis
160 1290 292 1348 homines
314 1289 475 1362 videamur,
500 1293 532 1346 ut
551 1289 614 1347 haee
635 1291 869 1350 christianissime
891 1295 922 1351 et
942 1291 1102 1349 doctissime
1123 1289 1271 1348 Museulus

88 1395 285 1452 concionatus
307 1398 351 1452 est
370 1397 424 1452 eto.
460 1391 507 1476 Ad
526 1393 603 1453 idem
624 1395 746 1468 exempli
765 1395 896 1454 hortatus
916 1399 960 1452 est
979 1409 1092 1466 quoque
1111 1409 1222 1469 servos,
1246 1396 1271 1453 si

89 1515 155 1572 qua
171 1497 302 1557 dominos
318 1496 525 1556 commodiores
540 1499 617 1558 nacti
631 1495 748 1572 fuerint,
772 1500 820 1571 qui
836 1513 884 1557 eos
899 1499 947 1572 pio
962 1499 1055 1557 enlmo
1076 1502 1210 1568 tractent,
1234 1513 1272 1555 ne

88 1619 164 1662 mox
188 1617 226 1660 ex
246 1602 300 1660 boo
322 1601 490 1674 superbiant
510 1601 690 1674 saginatione
710 1601 903 1660 recaloItrent.
949 1602 1021 1659 Item
1042 1600 1170 1659 dominos
1188 1602 1273 1675 juxta

89 1711 275 1782 praeceptum
296 1706 381 1766 Pauli
402 1704 534 1764 hortatus
557 1710 615 1777 est,
639 1720 676 1764 ne
699 1706 789 1764 serris
811 1711 844 1764 ut
863 1707 950 1764 mutis
973 1705 1122 1777 mancipiis
1143 1709 1270 1778 utantur,

89 1811 148 1870 sed
164 1811 347 1868 meminerint
361 1812 391 1869 et
409 1825 441 1869 se
461 1810 605 1868 domiuum
624 1810 653 1867 in
675 1811 755 1868 coelis
774 1809 891 1869 habere.
922 1812 995 1869 Item
1015 1811 1111 1869 multis
1126 1810 1162 1869 de
1177 1826 1212 1869 eo
1227 1809 1270 1868 di-

92 1917 150 1988 xit,
176 1914 255 1987 quod
269 1913 348 1971 Dens
363 1913 418 1972 ait:
443 1913 499 1985 Qui
514 1930 613 1974 servus
628 1930 686 1973 non
701 1915 763 1988 scit,
787 1914 856 1986 quid
870 1911 957 1973 faciet
970 1915 1101 1974 dominus
1115 1915 1186 1987 ejus.
1216 1913 1272 1971 Hie

92 2031 202 2076 munus
218 2015 293 2090 hugi
308 2019 384 2076 serui
399 2033 462 2076 esse
477 2001 636 2093 descripsit,
660 2016 785 2078 fideliter
798 2021 869 2078 hero
884 2035 935 2076 suo
950 2019 1099 2092 inservire,
1119 2018 1270 2090 praecepera

92 2123 159 2196 ejus
175 2119 303 2194 obedire,
327 2137 386 2180 non
400 2122 543 2179 curiosum
562 2137 624 2180 esee
644 2138 698 2182 nec
718 2123 786 2197 quid
806 2124 936 2182 doninus
956 2140 1022 2182 snus
1043 2129 1111 2195 agat
1124 2121 1271 2194 inquirere

93 2231 151 2284 etc.
183 2225 348 2284 Amicorum
362 2230 459 2285 autem
474 2225 558 2299 longe
574 2226 659 2284 aliam
675 2243 737 2285 esse
752 2228 903 2285 rationem.
934 2227 1009 2284 Nam
1028 2226 1129 2284 borum
1150 2227 1271 2282 Interest

94 2329 175 2390 faeta
189 2331 345 2389 amicorum
359 2331 433 2388 scire
449 2335 502 2389 eto.
534 2331 606 2389 Item
621 2331 671 2403 qni
684 2328 737 2388 fiat
751 2334 784 2386 ut
799 2329 929 2386 Christus
950 2327 1067 2386 dixerit:
1091 2327 1192 2386 Omnia
1206 2341 1271 2398 quae

95 2433 195 2493 audivi
210 2439 325 2507 epatre
340 2447 414 2508 meo,
438 2434 609 2493 annuntiavi
627 2435 716 2508 robis,
741 2448 804 2490 cum
825 2434 961 2504 scriptum
980 2433 1018 2490 sit
1031 2433 1125 2505 ipsum
1143 2437 1209 2502 post
1222 2445 1270 2487 re·

76 2531 305 2597 =surrectionem
320 2537 466 2612 dlscipulis
482 2539 630 2611 aperuisse
646 2552 768 2608 sensum,
793 2539 825 2592 ut
844 2528 1033 2608 agnoscerent
1052 2533 1218 2607 scripturae,
1242 2537 1272 2590 et

95 2641 222 2700 antehac
236 2643 323 2700 etiam
333 2621 456 2700 dixerit:
480 2643 604 2715 SpIritns
624 2639 674 2697 ille
689 2639 852 2720 paracletus
869 2638 982 2697 docebit
1000 2653 1051 2697 vos
1066 2639 1161 2696 omnia
1176 2641 1206 2694 et
1219 2653 1271 2695 vos

95 2746 127 2803 in
142 2761 256 2804 omnem
269 2747 419 2804 veritatem
438 2743 562 2803 inducet.
601 2744 685 2801 Hune
705 2742 810 2801 nodum
829 2743 871 2801 ita
891 2742 1029 2816 dissolvit,
1054 2743 1199 2800 dominum
1213 2757 1272 2799 non

96 2850 195 2907 omnia
218 2849 364 2922 aperuisse
388 2829 548 2922 discipulis,
574 2847 625 2906 sed
644 2863 680 2906 ca
701 2847 854 2921 duntaxat,
878 2863 941 2919 quoe
962 2847 1019 2904 illis
1041 2843 1212 2904 sufficientia
1234 2843 1271 2902 ad

96 2953 222 3011 salntem
237 2959 333 3011 essent
348 2957 378 3010 et
396 2958 603 3011 concernerent
622 2951 798 3010 voluntatem
816 2951 922 3025 pamla,
946 2951 983 3009 de
1003 2949 1201 3009 incarnatione
1219 2947 1272 3006 filii

97 3061 128 3114 et
142 3057 343 3130 redemptione
361 3056 462 3114 salutis
483 3060 537 3114 etc.
568 3055 722 3129 Apostolos
736 3055 856 3129 'quoque
876 3072 932 3113 non
955 3057 1050 3115 omnia
1068 3056 1196 3128 scivisse,
1219 3053 1272 3112 sed

100 3175 136 3218 ea
151 3177 215 3233 quae
231 3161 269 3220 ad
284 3177 355 3233 opus
369 3159 575 3231 redemptionIs
593 3157 731 3218 lacerent.
770 3159 845 3218 Nam
866 3175 928 3218 cnm
949 3162 1162 3233 interrogarent
1180 3159 1270 3218 domi-

99 3279 181 3322 num:
205 3263 281 3322 Num
301 3265 332 3322 ln
349 3270 480 3338 tempore
498 3263 553 3320 hoc
571 3257 705 3321 restitues
724 3279 845 3336 regnum
866 3263 976 3323 Israel?
999 3279 1168 3336 responsum
1190 3279 1270 3321 acoe-

100 3372 218 3440 perunt:
241 3368 309 3426 Non
324 3373 369 3426 est
382 3373 509 3426 vestrum
525 3381 608 3425 nosse
623 3370 735 3440 tempus
751 3374 780 3426 et
794 3369 930 3426 articulos
945 3373 1113 3438 temporum.
1144 3366 1278 3424 Annotass

100 3472 141 3528 vit
156 3477 185 3529 et
198 3471 245 3528 hic
260 3471 296 3532 de
311 3472 411 3530 morbo
431 3471 611 3530 curiositatis
624 3471 765 3546 humanae,
790 3487 854 3544 quae
872 3469 934 3528 fere
953 3449 1083 3526 omnibus
1101 3469 1271 3526 mortalibus

101 3575 138 3633 sit
159 3576 322 3648 peculiaris,
345 3576 412 3648 quia
431 3575 510 3647 qnod
530 3591 564 3632 ea
585 3574 705 3647 qnorum
720 3576 842 3632 Interest
856 3581 955 3632 nostra
970 3573 1043 3629 scire
1058 3572 1270 3645 contemnimus,

103 3682 131 3736 et
144 3679 250 3752 omnia,
274 3695 339 3752 quae
359 3695 447 3752 supra
468 3695 520 3738 nos
540 3683 615 3751 sunt,
638 3677 760 3736 maxime
779 3679 852 3735 seire
876 3691 991 3735 avemus
1007 3675 1053 3734 vel
1073 3675 1151 3733 avidi
1165 3691 1270 3750 sumus,

103 3783 178 3854 quod
194 3789 223 3842 et
243 3783 387 3856 discipulis
410 3783 516 3841 domini
538 3783 674 3841 accidisse
695 3779 823 3854 dicebat,
847 3781 895 3854 qui
915 3777 1017 3853 parum
1036 3780 1150 3840 solliciti
1171 3782 1206 3841 de
1226 3783 1270 3857 iis,

103 3902 165 3958 quse
187 3879 317 3945 dominns
338 3887 489 3962 docuerat,
521 3886 731 3956 contentionem
755 3884 791 3943 de
811 3885 938 3959 primatu
958 3887 1085 3960 subiere,
1111 3892 1271 3959 quaerentes

102 3990 177 4050 inter
191 4007 231 4064 se,
255 3994 387 4063 quisnam
401 3993 432 4049 in
445 4006 534 4064 regno
550 3990 686 4048 coelorum
704 3991 797 4062 major
817 3987 930 4048 futurus
951 3991 998 4049 sit.
1035 3991 1092 4050 Sed
1111 3990 1273 4048 retulerunt

102 4093 132 4151 hl
144 4111 314 4166 responsum
333 4111 351 4153 a
371 4096 500 4169 domino,
525 4110 581 4167 quo
602 4095 672 4155 satis
693 4111 792 4152 eorum
812 4095 991 4153 ambitiosam
1012 4093 1204 4150 curiositatem
1224 4107 1271 4148 re-

104 4198 253 4273 dargutam
268 4203 389 4264 constat.
420 4200 460 4257 Et
473 4189 539 4272 post
553 4200 643 4258 multa
663 4200 717 4257 bac
736 4198 872 4258 coronide
892 4197 1056 4255 concionem
1077 4195 1187 4252 clausit.
1217 4195 1270 4252 Ni-

104 4300 143 4359 bil
157 4317 219 4362 esse
234 4302 378 4362 audivisse
388 4289 519 4376 uerbum,
543 4305 597 4362 nisi
612 4306 688 4362 intus
704 4305 735 4360 in
750 4304 844 4362 animo
859 4302 976 4374 spiritus
991 4316 1014 4356 s.
1031 4299 1125 4370 gratia
1145 4299 1272 4358 auditum

11 4441 12 4472 ι
106 4411 267 4499 vegetet-et
287 4405 391 4466 foveat.
429 4406 558 4467 Adduxit
580 4403 609 4466 et
631 4407 792 4480 exemplum
806 4393 939 4478 deiparae
964 4402 1096 4475 virginis,
1121 4419 1185 4475 qnae
1208 4415 1272 4461 cnm
