<?xml version="1.0" encoding="UTF-8"?>
<!DOCTYPE html PUBLIC "-//W3C//DTD XHTML 1.0 Transitional//EN"
    "http://www.w3.org/TR/xhtml1/DTD/xhtml1-transitional.dtd">
<html xmlns="http://www.w3.org/1999/xhtml" xml:lang="en" lang="en">
 <head>
  <title>
</title>
<meta http-equiv="Content-Type" content="text/html;charset=utf-8" />
  <meta name='ocr-system' content='tesseract 3.04.00' />
  <meta name='ocr-capabilities' content='ocr_page ocr_carea ocr_par ocr_line ocrx_word'/>
</head>
<body>
  <div class='ocr_page' id='page_1' title='image "./desgrafenwolrad01trosgoog_0179.png"; bbox 0 0 2940 4900; ppageno 0'>
   <div class='ocr_carea' id='block_1_1' title="bbox 757 295 820 366">
    <p class='ocr_par' dir='ltr' id='par_1_1' title="bbox 757 295 820 366">
     <span class='ocr_line' id='line_1_1' title="bbox 757 295 820 366; baseline 0.032 -2"><span class='ocrx_word' id='word_1_1' title='bbox 757 295 820 366; x_wconf 70' lang='lat'>162</span> 
     </span>
    </p>
   </div>
   <div class='ocr_carea' id='block_1_2' title="bbox 195 475 1450 1822">
    <p class='ocr_par' dir='ltr' id='par_1_2' title="bbox 195 475 1450 1824">
     <span class='ocr_line' id='line_1_2' title="bbox 284 475 1359 556; baseline -0.004 -15"><span class='ocrx_word' id='word_1_2' title='bbox 284 481 334 556; x_wconf 81' lang='lat' dir='ltr'>xiij</span> <span class='ocrx_word' id='word_1_3' title='bbox 354 479 435 541; x_wconf 85' lang='lat' dir='ltr'>lunii</span> <span class='ocrx_word' id='word_1_4' title='bbox 457 481 488 540; x_wconf 89' lang='lat' dir='ltr'>in</span> <span class='ocrx_word' id='word_1_5' title='bbox 515 479 622 556; x_wconf 90' lang='lat' dir='ltr'>templo</span> <span class='ocrx_word' id='word_1_6' title='bbox 644 477 777 542; x_wconf 76' lang='lat' dir='ltr'>Mauritii</span> <span class='ocrx_word' id='word_1_7' title='bbox 804 481 937 542; x_wconf 78' lang='lat' dir='ltr'>invocato</span> <span class='ocrx_word' id='word_1_8' title='bbox 962 481 1077 542; x_wconf 88' lang='lat' dir='ltr'>nomino</span> <span class='ocrx_word' id='word_1_9' title='bbox 1099 479 1201 543; x_wconf 79' lang='lat' dir='ltr'>diuino</span> <span class='ocrx_word' id='word_1_10' title='bbox 1223 475 1359 538; x_wconf 85' lang='lat' dir='ltr'>llusculus</span> 
     </span>
     <span class='ocr_line' id='line_1_3' title="bbox 197 583 1361 662; baseline -0.006 -15"><span class='ocrx_word' id='word_1_11' title='bbox 197 587 261 647; x_wconf 86' lang='lat' dir='ltr'>hese</span> <span class='ocrx_word' id='word_1_12' title='bbox 274 587 363 647; x_wconf 83' lang='lat' dir='ltr'>verbs</span> <span class='ocrx_word' id='word_1_13' title='bbox 377 586 449 662; x_wconf 77' lang='lat' dir='ltr'>legIt</span> <span class='ocrx_word' id='word_1_14' title='bbox 462 587 584 650; x_wconf 82' lang='lat' dir='ltr'>locunis</span> <span class='ocrx_word' id='word_1_15' title='bbox 602 583 658 644; x_wconf 86' lang='lat'>15:</span> <span class='ocrx_word' id='word_1_16' title='bbox 685 585 776 646; x_wconf 79' lang='lat' dir='ltr'>›Hoee</span> <span class='ocrx_word' id='word_1_17' title='bbox 789 585 926 660; x_wconf 82' lang='lat' dir='ltr'>precipio</span> <span class='ocrx_word' id='word_1_18' title='bbox 941 585 1035 662; x_wconf 85' lang='lat' dir='ltr'>vobis,</span> <span class='ocrx_word' id='word_1_19' title='bbox 1050 593 1084 648; x_wconf 90' lang='lat' dir='ltr'>ut</span> <span class='ocrx_word' id='word_1_20' title='bbox 1101 585 1235 662; x_wconf 83' lang='lat' dir='ltr'>diligetis</span> <span class='ocrx_word' id='word_1_21' title='bbox 1248 599 1297 646; x_wconf 83' lang='lat' dir='ltr'>ros</span> <span class='ocrx_word' id='word_1_22' title='bbox 1308 597 1361 641; x_wconf 89' lang='lat' dir='ltr'>nn·</span> 
     </span>
     <span class='ocr_line' id='line_1_4' title="bbox 195 687 1361 768; baseline -0.004 -16"><span class='ocrx_word' id='word_1_23' title='bbox 195 697 257 768; x_wconf 92' lang='lat' dir='ltr'>tuo,</span> <span class='ocrx_word' id='word_1_24' title='bbox 273 695 298 754; x_wconf 90' lang='lat' dir='ltr'>si</span> <span class='ocrx_word' id='word_1_25' title='bbox 312 692 434 754; x_wconf 91' lang='lat' dir='ltr'>mundus</span> <span class='ocrx_word' id='word_1_26' title='bbox 449 709 501 754; x_wconf 85' lang='lat' dir='ltr'>vos</span> <span class='ocrx_word' id='word_1_27' title='bbox 516 693 592 768; x_wconf 90' lang='lat' dir='ltr'>odit,</span> <span class='ocrx_word' id='word_1_28' title='bbox 615 692 693 752; x_wconf 88' lang='lat' dir='ltr'>scitis</span> <span class='ocrx_word' id='word_1_29' title='bbox 713 691 792 766; x_wconf 89' lang='lat' dir='ltr'>quod</span> <span class='ocrx_word' id='word_1_30' title='bbox 811 708 857 752; x_wconf 93' lang='lat' dir='ltr'>me</span> <span class='ocrx_word' id='word_1_31' title='bbox 880 692 962 767; x_wconf 84' lang='lat' dir='ltr'>prius</span> <span class='ocrx_word' id='word_1_32' title='bbox 977 707 1064 766; x_wconf 85' lang='lat' dir='ltr'>quum</span> <span class='ocrx_word' id='word_1_33' title='bbox 1078 708 1131 754; x_wconf 85' lang='lat' dir='ltr'>vos</span> <span class='ocrx_word' id='word_1_34' title='bbox 1146 689 1217 752; x_wconf 90' lang='lat' dir='ltr'>odio</span> <span class='ocrx_word' id='word_1_35' title='bbox 1232 687 1361 761; x_wconf 80' lang='lat' dir='ltr'>hebuerit,</span> 
     </span>
     <span class='ocr_line' id='line_1_5' title="bbox 195 791 1363 874; baseline -0.005 -16"><span class='ocrx_word' id='word_1_36' title='bbox 195 799 222 858; x_wconf 91' lang='lat' dir='ltr'>si</span> <span class='ocrx_word' id='word_1_37' title='bbox 236 799 272 859; x_wconf 93' lang='lat' dir='ltr'>de</span> <span class='ocrx_word' id='word_1_38' title='bbox 286 798 393 859; x_wconf 92' lang='lat' dir='ltr'>mundo</span> <span class='ocrx_word' id='word_1_39' title='bbox 413 796 552 873; x_wconf 81' lang='lat' dir='ltr'>fuissetis,</span> <span class='ocrx_word' id='word_1_40' title='bbox 578 796 700 857; x_wconf 88' lang='lat' dir='ltr'>mundns</span> <span class='ocrx_word' id='word_1_41' title='bbox 716 798 793 872; x_wconf 90' lang='lat' dir='ltr'>quod</span> <span class='ocrx_word' id='word_1_42' title='bbox 819 813 908 873; x_wconf 52' lang='lat' dir='ltr'>suum,</span> <span class='ocrx_word' id='word_1_43' title='bbox 920 803 966 857; x_wconf 91' lang='lat' dir='ltr'>est</span> <span class='ocrx_word' id='word_1_44' title='bbox 983 797 1127 874; x_wconf 88' lang='lat' dir='ltr'>diligeret,</span> <span class='ocrx_word' id='word_1_45' title='bbox 1156 797 1315 870; x_wconf 69' lang='lat' dir='ltr'>quievero</span> <span class='ocrx_word' id='word_1_46' title='bbox 1333 791 1363 852; x_wconf 89' lang='lat' dir='ltr'>de</span> 
     </span>
     <span class='ocr_line' id='line_1_6' title="bbox 195 887 1449 984; baseline -0.006 -20"><span class='ocrx_word' id='word_1_47' title='bbox 195 903 302 964; x_wconf 87' lang='lat' dir='ltr'>mundo</span> <span class='ocrx_word' id='word_1_48' title='bbox 317 920 375 965; x_wconf 90' lang='lat' dir='ltr'>uon</span> <span class='ocrx_word' id='word_1_49' title='bbox 390 887 474 978; x_wconf 81' lang='lat' dir='ltr'>estis,</span> <span class='ocrx_word' id='word_1_50' title='bbox 496 904 548 964; x_wconf 88' lang='lat' dir='ltr'>sed</span> <span class='ocrx_word' id='word_1_51' title='bbox 562 919 615 977; x_wconf 87' lang='lat' dir='ltr'>ego</span> <span class='ocrx_word' id='word_1_52' title='bbox 632 901 705 977; x_wconf 90' lang='lat' dir='ltr'>elegi</span> <span class='ocrx_word' id='word_1_53' title='bbox 719 919 770 964; x_wconf 83' lang='lat' dir='ltr'>vos</span> <span class='ocrx_word' id='word_1_54' title='bbox 785 902 821 962; x_wconf 88' lang='lat' dir='ltr'>de</span> <span class='ocrx_word' id='word_1_55' title='bbox 835 903 957 978; x_wconf 85' lang='lat' dir='ltr'>mundo,</span> <span class='ocrx_word' id='word_1_56' title='bbox 978 909 1133 980; x_wconf 80' lang='lat' dir='ltr'>propterea</span> <span class='ocrx_word' id='word_1_57' title='bbox 1148 902 1216 966; x_wconf 91' lang='lat' dir='ltr'>odit</span> <span class='ocrx_word' id='word_1_58' title='bbox 1230 915 1282 962; x_wconf 85' lang='lat' dir='ltr'>vos</span> <span class='ocrx_word' id='word_1_59' title='bbox 1294 893 1364 958; x_wconf 84' lang='lat' dir='ltr'>niun·</span> <span class='ocrx_word' id='word_1_60' title='bbox 1448 955 1449 984; x_wconf 64' lang='lat'>,</span> 
     </span>
     <span class='ocr_line' id='line_1_7' title="bbox 196 989 1365 1085; baseline -0.006 -15"><span class='ocrx_word' id='word_1_61' title='bbox 196 989 271 1070; x_wconf 76' lang='lat' dir='ltr'>dus«</span> <span class='ocrx_word' id='word_1_62' title='bbox 288 1015 342 1069; x_wconf 87' lang='grc' dir='ltr'>ιιι.</span> <span class='ocrx_word' id='word_1_63' title='bbox 381 1008 437 1068; x_wconf 87' lang='lat' dir='ltr'>Hic</span> <span class='ocrx_word' id='word_1_64' title='bbox 452 1008 557 1068; x_wconf 89' lang='lat' dir='ltr'>docens</span> <span class='ocrx_word' id='word_1_65' title='bbox 573 1006 718 1069; x_wconf 79' lang='lat' dir='ltr'>Christum</span> <span class='ocrx_word' id='word_1_66' title='bbox 732 1007 877 1068; x_wconf 91' lang='lat' dir='ltr'>dominum</span> <span class='ocrx_word' id='word_1_67' title='bbox 900 1010 936 1068; x_wconf 89' lang='lat' dir='ltr'>iis</span> <span class='ocrx_word' id='word_1_68' title='bbox 951 1010 1051 1071; x_wconf 84' lang='lat' dir='ltr'>verbis</span> <span class='ocrx_word' id='word_1_69' title='bbox 1066 1009 1220 1085; x_wconf 79' lang='lat' dir='ltr'>discipulis</span> <span class='ocrx_word' id='word_1_70' title='bbox 1234 1006 1310 1066; x_wconf 90' lang='lat' dir='ltr'>idem</span> <span class='ocrx_word' id='word_1_71' title='bbox 1322 1020 1365 1064; x_wconf 83' lang='lat' dir='ltr'>uo·</span> 
     </span>
     <span class='ocr_line' id='line_1_8' title="bbox 195 1111 1366 1191; baseline -0.003 -19"><span class='ocrx_word' id='word_1_72' title='bbox 195 1115 283 1174; x_wconf 91' lang='lat' dir='ltr'>luisse</span> <span class='ocrx_word' id='word_1_73' title='bbox 297 1112 439 1187; x_wconf 81' lang='lat' dir='ltr'>indicere,</span> <span class='ocrx_word' id='word_1_74' title='bbox 455 1111 533 1188; x_wconf 90' lang='lat' dir='ltr'>quod</span> <span class='ocrx_word' id='word_1_75' title='bbox 546 1113 627 1186; x_wconf 89' lang='lat' dir='ltr'>prius</span> <span class='ocrx_word' id='word_1_76' title='bbox 643 1130 691 1174; x_wconf 89' lang='lat' dir='ltr'>ecs</span> <span class='ocrx_word' id='word_1_77' title='bbox 707 1120 871 1190; x_wconf 74' lang='lat' dir='ltr'>monuerat,</span> <span class='ocrx_word' id='word_1_78' title='bbox 889 1115 951 1190; x_wconf 85' lang='lat' dir='ltr'>jem</span> <span class='ocrx_word' id='word_1_79' title='bbox 965 1116 1053 1176; x_wconf 89' lang='lat' dir='ltr'>tertio</span> <span class='ocrx_word' id='word_1_80' title='bbox 1068 1115 1125 1176; x_wconf 89' lang='lat' dir='ltr'>illis</span> <span class='ocrx_word' id='word_1_81' title='bbox 1141 1113 1326 1191; x_wconf 78' lang='lat' dir='ltr'>praecipiens,</span> <span class='ocrx_word' id='word_1_82' title='bbox 1339 1115 1366 1168; x_wconf 90' lang='lat' dir='ltr'>ut</span> 
     </span>
     <span class='ocr_line' id='line_1_9' title="bbox 196 1215 1366 1296; baseline -0.002 -20"><span class='ocrx_word' id='word_1_83' title='bbox 196 1223 295 1279; x_wconf 90' lang='lat' dir='ltr'>mutuo</span> <span class='ocrx_word' id='word_1_84' title='bbox 309 1234 341 1278; x_wconf 90' lang='grc' dir='ltr'>ιι</span> <span class='ocrx_word' id='word_1_85' title='bbox 356 1217 523 1293; x_wconf 71' lang='lat' dir='ltr'>diligerent,</span> <span class='ocrx_word' id='word_1_86' title='bbox 540 1217 642 1279; x_wconf 91' lang='lat' dir='ltr'>deinde</span> <span class='ocrx_word' id='word_1_87' title='bbox 657 1224 690 1279; x_wconf 93' lang='lat' dir='ltr'>ut</span> <span class='ocrx_word' id='word_1_88' title='bbox 703 1221 913 1296; x_wconf 77' lang='lat' dir='ltr'>recogitarent,</span> <span class='ocrx_word' id='word_1_89' title='bbox 929 1222 1006 1295; x_wconf 89' lang='lat' dir='ltr'>quod</span> <span class='ocrx_word' id='word_1_90' title='bbox 1021 1237 1071 1282; x_wconf 89' lang='lat' dir='ltr'>eos</span> <span class='ocrx_word' id='word_1_91' title='bbox 1086 1220 1202 1295; x_wconf 83' lang='lat' dir='ltr'>absque</span> <span class='ocrx_word' id='word_1_92' title='bbox 1217 1233 1317 1280; x_wconf 92' lang='lat' dir='ltr'>eorum</span> <span class='ocrx_word' id='word_1_93' title='bbox 1328 1215 1366 1274; x_wconf 82' lang='lat' dir='ltr'>vel</span> 
     </span>
     <span class='ocr_line' id='line_1_10' title="bbox 196 1317 1367 1400; baseline -0.008 -14"><span class='ocrx_word' id='word_1_94' title='bbox 196 1325 334 1400; x_wconf 89' lang='lat' dir='ltr'>petitione</span> <span class='ocrx_word' id='word_1_95' title='bbox 348 1326 394 1385; x_wconf 86' lang='lat' dir='ltr'>vel</span> <span class='ocrx_word' id='word_1_96' title='bbox 408 1326 512 1387; x_wconf 88' lang='lat' dir='ltr'>merito</span> <span class='ocrx_word' id='word_1_97' title='bbox 528 1324 657 1400; x_wconf 88' lang='lat' dir='ltr'>elegerit.</span> <span class='ocrx_word' id='word_1_98' title='bbox 694 1324 740 1384; x_wconf 84' lang='lat' dir='ltr'>Ne</span> <span class='ocrx_word' id='word_1_99' title='bbox 754 1325 843 1400; x_wconf 91' lang='lat' dir='ltr'>igitur</span> <span class='ocrx_word' id='word_1_100' title='bbox 857 1326 896 1387; x_wconf 91' lang='lat' dir='ltr'>oh</span> <span class='ocrx_word' id='word_1_101' title='bbox 910 1324 1056 1387; x_wconf 79' lang='lat' dir='ltr'>Christum</span> <span class='ocrx_word' id='word_1_102' title='bbox 1070 1324 1223 1386; x_wconf 88' lang='lat' dir='ltr'>dominum</span> <span class='ocrx_word' id='word_1_103' title='bbox 1238 1339 1258 1382; x_wconf 86' lang='grc' dir='ltr'>ι</span> <span class='ocrx_word' id='word_1_104' title='bbox 1271 1317 1367 1381; x_wconf 91' lang='lat' dir='ltr'>mundo</span> 
     </span>
     <span class='ocr_line' id='line_1_11' title="bbox 196 1423 1367 1508; baseline -0.007 -17"><span class='ocrx_word' id='word_1_105' title='bbox 196 1433 331 1508; x_wconf 85' lang='lat' dir='ltr'>persequi</span> <span class='ocrx_word' id='word_1_106' title='bbox 345 1431 548 1506; x_wconf 80' lang='lat' dir='ltr'>detrectarent,</span> <span class='ocrx_word' id='word_1_107' title='bbox 565 1445 629 1490; x_wconf 88' lang='lat' dir='ltr'>cnm</span> <span class='ocrx_word' id='word_1_108' title='bbox 644 1429 750 1490; x_wconf 84' lang='lat' dir='ltr'>scirem</span> <span class='ocrx_word' id='word_1_109' title='bbox 764 1431 801 1490; x_wconf 85' lang='lat' dir='ltr'>cb</span> <span class='ocrx_word' id='word_1_110' title='bbox 815 1431 897 1491; x_wconf 91' lang='lat' dir='ltr'>initio</span> <span class='ocrx_word' id='word_1_111' title='bbox 916 1431 1015 1492; x_wconf 90' lang='lat' dir='ltr'>mundi</span> <span class='ocrx_word' id='word_1_112' title='bbox 1029 1445 1145 1506; x_wconf 86' lang='lat' dir='ltr'>semper</span> <span class='ocrx_word' id='word_1_113' title='bbox 1160 1423 1230 1505; x_wconf 87' lang='lat' dir='ltr'>pios</span> <span class='ocrx_word' id='word_1_114' title='bbox 1245 1427 1284 1487; x_wconf 84' lang='lat' dir='ltr'>oh</span> <span class='ocrx_word' id='word_1_115' title='bbox 1297 1423 1367 1485; x_wconf 81' lang='lat' dir='ltr'>odul-</span> 
     </span>
     <span class='ocr_line' id='line_1_12' title="bbox 196 1531 1367 1611; baseline -0.011 -14"><span class='ocrx_word' id='word_1_116' title='bbox 196 1543 259 1597; x_wconf 90' lang='lat' dir='ltr'>tero</span> <span class='ocrx_word' id='word_1_117' title='bbox 280 1538 334 1598; x_wconf 88' lang='lat' dir='ltr'>hoc</span> <span class='ocrx_word' id='word_1_118' title='bbox 355 1533 461 1596; x_wconf 88' lang='lat' dir='ltr'>mundo</span> <span class='ocrx_word' id='word_1_119' title='bbox 482 1537 605 1611; x_wconf 84' lang='lat' dir='ltr'>pessime</span> <span class='ocrx_word' id='word_1_120' title='bbox 627 1541 656 1597; x_wconf 91' lang='lat' dir='ltr'>et</span> <span class='ocrx_word' id='word_1_121' title='bbox 679 1539 812 1610; x_wconf 82' lang='lat' dir='ltr'>acceptos</span> <span class='ocrx_word' id='word_1_122' title='bbox 834 1542 864 1596; x_wconf 90' lang='lat' dir='ltr'>et</span> <span class='ocrx_word' id='word_1_123' title='bbox 888 1536 1016 1610; x_wconf 78' lang='lat' dir='ltr'>habitos,</span> <span class='ocrx_word' id='word_1_124' title='bbox 1043 1541 1076 1597; x_wconf 92' lang='lat' dir='ltr'>ut</span> <span class='ocrx_word' id='word_1_125' title='bbox 1097 1534 1237 1610; x_wconf 86' lang='lat' dir='ltr'>exemplo</span> <span class='ocrx_word' id='word_1_126' title='bbox 1252 1531 1367 1591; x_wconf 88' lang='lat' dir='ltr'>suuttct</span> 
     </span>
     <span class='ocr_line' id='line_1_13' title="bbox 196 1632 1450 1726; baseline -0.006 -25"><span class='ocrx_word' id='word_1_127' title='bbox 196 1642 401 1716; x_wconf 79' lang='lat' dir='ltr'>prophetorum</span> <span class='ocrx_word' id='word_1_128' title='bbox 416 1648 523 1702; x_wconf 89' lang='lat' dir='ltr'>mortes</span> <span class='ocrx_word' id='word_1_129' title='bbox 538 1647 567 1703; x_wconf 90' lang='lat' dir='ltr'>et</span> <span class='ocrx_word' id='word_1_130' title='bbox 581 1641 677 1702; x_wconf 81' lang='lat' dir='ltr'>clades</span> <span class='ocrx_word' id='word_1_131' title='bbox 691 1641 814 1717; x_wconf 89' lang='lat' dir='ltr'>piorum.</span> <span class='ocrx_word' id='word_1_132' title='bbox 838 1639 917 1702; x_wconf 81' lang='lat' dir='ltr'>Dicit</span> <span class='ocrx_word' id='word_1_133' title='bbox 930 1643 1037 1718; x_wconf 78' lang='lat' dir='ltr'>itaque,</span> <span class='ocrx_word' id='word_1_134' title='bbox 1053 1643 1078 1702; x_wconf 94' lang='lat' dir='ltr'>si</span> <span class='ocrx_word' id='word_1_135' title='bbox 1093 1640 1222 1702; x_wconf 86' lang='lat' dir='ltr'>mundus</span> <span class='ocrx_word' id='word_1_136' title='bbox 1236 1653 1290 1700; x_wconf 86' lang='lat' dir='ltr'>vos</span> <span class='ocrx_word' id='word_1_137' title='bbox 1304 1632 1365 1705; x_wconf 76' lang='lat' dir='ltr'>odit,</span> <span class='ocrx_word' id='word_1_138' title='bbox 1449 1715 1450 1726; x_wconf 9' lang='grc' dir='ltr'>ἵ</span> 
     </span>
     <span class='ocr_line' id='line_1_14' title="bbox 196 1738 1366 1822; baseline -0.002 -17"><span class='ocrx_word' id='word_1_139' title='bbox 196 1751 228 1805; x_wconf 85' lang='grc' dir='ltr'>ιι</span> <span class='ocrx_word' id='word_1_140' title='bbox 240 1748 342 1807; x_wconf 82' lang='lat' dir='ltr'>vocula</span> <span class='ocrx_word' id='word_1_141' title='bbox 357 1747 463 1821; x_wconf 89' lang='lat' dir='ltr'>odium,</span> <span class='ocrx_word' id='word_1_142' title='bbox 479 1748 571 1820; x_wconf 93' lang='lat' dir='ltr'>inquit</span> <span class='ocrx_word' id='word_1_143' title='bbox 585 1747 742 1822; x_wconf 88' lang='lat' dir='ltr'>Musculns,</span> <span class='ocrx_word' id='word_1_144' title='bbox 759 1749 805 1808; x_wconf 88' lang='lat' dir='ltr'>est</span> <span class='ocrx_word' id='word_1_145' title='bbox 818 1747 951 1822; x_wconf 83' lang='lat' dir='ltr'>opposite</span> <span class='ocrx_word' id='word_1_146' title='bbox 966 1747 1110 1810; x_wconf 87' lang='lat' dir='ltr'>dilectioni</span> <span class='ocrx_word' id='word_1_147' title='bbox 1130 1754 1161 1808; x_wconf 91' lang='lat' dir='ltr'>et</span> <span class='ocrx_word' id='word_1_148' title='bbox 1175 1761 1228 1807; x_wconf 90' lang='lat' dir='ltr'>res</span> <span class='ocrx_word' id='word_1_149' title='bbox 1243 1738 1366 1818; x_wconf 78' lang='lat' dir='ltr'>quaedeu</span> 
     </span>
    </p>
   </div>
   <div class='ocr_carea' id='block_1_3' title="bbox 195 1849 1450 1927">
    <p class='ocr_par' dir='ltr' id='par_1_3' title="bbox 195 1849 1450 1927">
     <span class='ocr_line' id='line_1_15' title="bbox 195 1849 1450 1927; baseline -0.001 -17"><span class='ocrx_word' id='word_1_150' title='bbox 195 1849 420 1924; x_wconf 79' lang='lat' dir='ltr'>ferventissimc3</span> <span class='ocrx_word' id='word_1_151' title='bbox 438 1854 487 1925; x_wconf 91' lang='lat' dir='ltr'>qui</span> <span class='ocrx_word' id='word_1_152' title='bbox 501 1853 588 1912; x_wconf 79' lang='lat' dir='ltr'>ulium</span> <span class='ocrx_word' id='word_1_153' title='bbox 602 1869 661 1913; x_wconf 92' lang='lat' dir='ltr'>uon</span> <span class='ocrx_word' id='word_1_154' title='bbox 676 1868 757 1927; x_wconf 83' lang='lat' dir='ltr'>seque</span> <span class='ocrx_word' id='word_1_155' title='bbox 772 1857 858 1927; x_wconf 82' lang='lat' dir='ltr'>emet,</span> <span class='ocrx_word' id='word_1_156' title='bbox 874 1854 899 1912; x_wconf 90' lang='lat' dir='ltr'>is</span> <span class='ocrx_word' id='word_1_157' title='bbox 914 1859 1010 1914; x_wconf 80' lang='lat' dir='ltr'>tomen</span> <span class='ocrx_word' id='word_1_158' title='bbox 1019 1852 1090 1924; x_wconf 86' lang='lat' dir='ltr'>nihil</span> <span class='ocrx_word' id='word_1_159' title='bbox 1100 1852 1171 1913; x_wconf 83' lang='lat' dir='ltr'>meli</span> <span class='ocrx_word' id='word_1_160' title='bbox 1186 1851 1221 1912; x_wconf 93' lang='lat' dir='ltr'>in</span> <span class='ocrx_word' id='word_1_161' title='bbox 1236 1863 1302 1910; x_wconf 85' lang='lat' dir='ltr'>eum</span> <span class='ocrx_word' id='word_1_162' title='bbox 1314 1858 1366 1902; x_wconf 85' lang='lat'>111⁰·</span> <span class='ocrx_word' id='word_1_163' title='bbox 1449 1855 1450 1890; x_wconf 80' lang='grc' dir='ltr'>ῑ</span> 
     </span>
    </p>
   </div>
   <div class='ocr_carea' id='block_1_4' title="bbox 195 1947 1452 4456">
    <p class='ocr_par' dir='ltr' id='par_1_4' title="bbox 195 1947 1452 4456">
     <span class='ocr_line' id='line_1_16' title="bbox 196 1947 1365 2034; baseline -0.003 -18"><span class='ocrx_word' id='word_1_164' title='bbox 196 1957 266 2018; x_wconf 91' lang='lat' dir='ltr'>litur</span> <span class='ocrx_word' id='word_1_165' title='bbox 281 1963 333 2017; x_wconf 83' lang='lat' dir='ltr'>cut</span> <span class='ocrx_word' id='word_1_166' title='bbox 347 1959 470 2031; x_wconf 83' lang='lat' dir='ltr'>cogitet..</span> <span class='ocrx_word' id='word_1_167' title='bbox 485 1959 526 2017; x_wconf 80' lang='lat' dir='ltr'>At</span> <span class='ocrx_word' id='word_1_168' title='bbox 540 1960 590 2031; x_wconf 91' lang='lat' dir='ltr'>qui</span> <span class='ocrx_word' id='word_1_169' title='bbox 604 1959 679 2034; x_wconf 89' lang='lat' dir='ltr'>odit,</span> <span class='ocrx_word' id='word_1_170' title='bbox 699 1961 725 2020; x_wconf 92' lang='lat' dir='ltr'>is</span> <span class='ocrx_word' id='word_1_171' title='bbox 740 1973 838 2019; x_wconf 89' lang='lat' dir='ltr'>omnes</span> <span class='ocrx_word' id='word_1_172' title='bbox 859 1957 947 2016; x_wconf 83' lang='lat' dir='ltr'>animi</span> <span class='ocrx_word' id='word_1_173' title='bbox 961 1973 1065 2020; x_wconf 81' lang='lat' dir='ltr'>uersos</span> <span class='ocrx_word' id='word_1_174' title='bbox 1079 1957 1110 2018; x_wconf 93' lang='lat' dir='ltr'>iu</span> <span class='ocrx_word' id='word_1_175' title='bbox 1124 1958 1182 2018; x_wconf 90' lang='lat' dir='ltr'>hoc</span> <span class='ocrx_word' id='word_1_176' title='bbox 1196 1949 1331 2024; x_wconf 86' lang='lat' dir='ltr'>intendit,</span> <span class='ocrx_word' id='word_1_177' title='bbox 1344 1947 1365 2004; x_wconf 80' lang='lat' dir='ltr'>si</span> 
     </span>
     <span class='ocr_line' id='line_1_17' title="bbox 198 2057 1364 2139; baseline -0.003 -15"><span class='ocrx_word' id='word_1_178' title='bbox 198 2081 264 2139; x_wconf 85' lang='lat' dir='ltr'>qus,</span> <span class='ocrx_word' id='word_1_179' title='bbox 280 2080 364 2138; x_wconf 86' lang='lat' dir='ltr'>quem</span> <span class='ocrx_word' id='word_1_180' title='bbox 378 2064 448 2124; x_wconf 80' lang='lat' dir='ltr'>uelit</span> <span class='ocrx_word' id='word_1_181' title='bbox 461 2065 599 2139; x_wconf 91' lang='lat' dir='ltr'>periisse,</span> <span class='ocrx_word' id='word_1_182' title='bbox 624 2064 700 2124; x_wconf 79' lang='lat' dir='ltr'>melo</span> <span class='ocrx_word' id='word_1_183' title='bbox 724 2061 840 2132; x_wconf 82' lang='lat' dir='ltr'>efficere</span> <span class='ocrx_word' id='word_1_184' title='bbox 854 2064 953 2138; x_wconf 87' lang='lat' dir='ltr'>possit.</span> <span class='ocrx_word' id='word_1_185' title='bbox 991 2063 1037 2124; x_wconf 87' lang='lat' dir='ltr'>Ne</span> <span class='ocrx_word' id='word_1_186' title='bbox 1052 2069 1149 2126; x_wconf 84' lang='lat' dir='ltr'>eutem</span> <span class='ocrx_word' id='word_1_187' title='bbox 1171 2062 1213 2125; x_wconf 93' lang='lat' dir='ltr'>ob</span> <span class='ocrx_word' id='word_1_188' title='bbox 1228 2057 1364 2121; x_wconf 81' lang='lat' dir='ltr'>christum</span> 
     </span>
     <span class='ocr_line' id='line_1_18' title="bbox 198 2157 1364 2245; baseline -0.009 -18"><span class='ocrx_word' id='word_1_189' title='bbox 198 2169 264 2228; x_wconf 89' lang='lat' dir='ltr'>odio</span> <span class='ocrx_word' id='word_1_190' title='bbox 273 2168 375 2228; x_wconf 84' lang='lat' dir='ltr'>heberi</span> <span class='ocrx_word' id='word_1_191' title='bbox 383 2168 513 2244; x_wconf 86' lang='lat' dir='ltr'>discipuli</span> <span class='ocrx_word' id='word_1_192' title='bbox 526 2169 656 2230; x_wconf 82' lang='lat' dir='ltr'>acerbius</span> <span class='ocrx_word' id='word_1_193' title='bbox 666 2170 736 2244; x_wconf 92' lang='lat' dir='ltr'>quid</span> <span class='ocrx_word' id='word_1_194' title='bbox 751 2170 898 2244; x_wconf 88' lang='lat' dir='ltr'>ducerent,</span> <span class='ocrx_word' id='word_1_195' title='bbox 916 2168 1046 2229; x_wconf 91' lang='lat' dir='ltr'>dominus</span> <span class='ocrx_word' id='word_1_196' title='bbox 1058 2169 1149 2245; x_wconf 85' lang='lat' dir='ltr'>oddit,</span> <span class='ocrx_word' id='word_1_197' title='bbox 1167 2167 1271 2230; x_wconf 86' lang='lat' dir='ltr'>»scitis</span> <span class='ocrx_word' id='word_1_198' title='bbox 1281 2157 1364 2237; x_wconf 88' lang='lat' dir='ltr'>quod·</span> 
     </span>
     <span class='ocr_line' id='line_1_19' title="bbox 197 2264 1364 2351; baseline -0.001 -17"><span class='ocrx_word' id='word_1_199' title='bbox 197 2291 243 2334; x_wconf 88' lang='lat' dir='ltr'>me</span> <span class='ocrx_word' id='word_1_200' title='bbox 258 2276 338 2351; x_wconf 89' lang='lat' dir='ltr'>prius</span> <span class='ocrx_word' id='word_1_201' title='bbox 353 2273 419 2336; x_wconf 83' lang='lat' dir='ltr'>edio</span> <span class='ocrx_word' id='word_1_202' title='bbox 433 2275 569 2337; x_wconf 83' lang='lat' dir='ltr'>hebuerit</span> <span class='ocrx_word' id='word_1_203' title='bbox 582 2274 736 2350; x_wconf 81' lang='lat' dir='ltr'>mundus«,</span> <span class='ocrx_word' id='word_1_204' title='bbox 753 2275 825 2334; x_wconf 87' lang='lat' dir='ltr'>sicut</span> <span class='ocrx_word' id='word_1_205' title='bbox 840 2279 871 2334; x_wconf 90' lang='lat' dir='ltr'>et</span> <span class='ocrx_word' id='word_1_206' title='bbox 886 2272 1016 2339; x_wconf 89' lang='lat' dir='ltr'>Christus</span> <span class='ocrx_word' id='word_1_207' title='bbox 1037 2274 1109 2335; x_wconf 84' lang='lat' dir='ltr'>nhes</span> <span class='ocrx_word' id='word_1_208' title='bbox 1125 2273 1201 2336; x_wconf 84' lang='lat' dir='ltr'>dixit</span> <span class='ocrx_word' id='word_1_209' title='bbox 1214 2271 1320 2334; x_wconf 81' lang='lat' dir='ltr'>Joem.</span> <span class='ocrx_word' id='word_1_210' title='bbox 1335 2264 1364 2322; x_wconf 76' lang='lat' dir='ltr'>l:</span> 
     </span>
     <span class='ocr_line' id='line_1_20' title="bbox 199 2365 1451 2458; baseline -0.006 -19"><span class='ocrx_word' id='word_1_211' title='bbox 199 2379 287 2446; x_wconf 79' lang='lat' dir='ltr'>»Non</span> <span class='ocrx_word' id='word_1_212' title='bbox 301 2385 397 2458; x_wconf 89' lang='lat' dir='ltr'>potest</span> <span class='ocrx_word' id='word_1_213' title='bbox 407 2382 530 2442; x_wconf 90' lang='lat' dir='ltr'>mundus</span> <span class='ocrx_word' id='word_1_214' title='bbox 542 2382 637 2443; x_wconf 90' lang='lat' dir='ltr'>odisse</span> <span class='ocrx_word' id='word_1_215' title='bbox 651 2399 712 2458; x_wconf 80' lang='lat' dir='ltr'>vos,</span> <span class='ocrx_word' id='word_1_216' title='bbox 728 2397 775 2441; x_wconf 92' lang='lat' dir='ltr'>me</span> <span class='ocrx_word' id='word_1_217' title='bbox 789 2384 886 2441; x_wconf 87' lang='lat' dir='ltr'>cutem</span> <span class='ocrx_word' id='word_1_218' title='bbox 901 2379 971 2455; x_wconf 89' lang='lat' dir='ltr'>odit,</span> <span class='ocrx_word' id='word_1_219' title='bbox 982 2380 1032 2454; x_wconf 91' lang='lat' dir='ltr'>qui</span> <span class='ocrx_word' id='word_1_220' title='bbox 1046 2379 1245 2440; x_wconf 88' lang='lat' dir='ltr'>testimonium</span> <span class='ocrx_word' id='word_1_221' title='bbox 1258 2371 1321 2436; x_wconf 84' lang='lat' dir='ltr'>lero</span> <span class='ocrx_word' id='word_1_222' title='bbox 1335 2365 1367 2426; x_wconf 79' lang='lat' dir='ltr'>dt</span> <span class='ocrx_word' id='word_1_223' title='bbox 1450 2369 1451 2390; x_wconf 67' lang='lat'>¹</span> 
     </span>
     <span class='ocr_line' id='line_1_21' title="bbox 197 2471 1365 2564; baseline 0.003 -19"><span class='ocrx_word' id='word_1_224' title='bbox 197 2485 256 2562; x_wconf 90' lang='lat' dir='ltr'>illo,</span> <span class='ocrx_word' id='word_1_225' title='bbox 266 2487 697 2564; x_wconf 78' lang='lat' dir='ltr'>qnooopersejusmulosunt.«</span> <span class='ocrx_word' id='word_1_226' title='bbox 714 2488 981 2562; x_wconf 84' lang='lat' dir='ltr'>Voceruntqucque</span> <span class='ocrx_word' id='word_1_227' title='bbox 991 2471 1365 2548; x_wconf 70' lang='lat' dir='ltr'>suistrneritunumcillli</span> 
     </span>
     <span class='ocr_line' id='line_1_22' title="bbox 197 2577 1365 2668; baseline -0.005 -16"><span class='ocrx_word' id='word_1_228' title='bbox 197 2590 339 2655; x_wconf 76' lang='lat' dir='ltr'>demonia</span> <span class='ocrx_word' id='word_1_229' title='bbox 348 2595 504 2668; x_wconf 86' lang='lat' dir='ltr'>ejiceretln</span> <span class='ocrx_word' id='word_1_230' title='bbox 512 2592 765 2668; x_wconf 85' lang='lat' dir='ltr'>digitoBeelrebub</span> <span class='ocrx_word' id='word_1_231' title='bbox 775 2592 912 2666; x_wconf 91' lang='lat' dir='ltr'>principis</span> <span class='ocrx_word' id='word_1_232' title='bbox 918 2590 1124 2651; x_wconf 76' lang='lat' dir='ltr'>demoniorum</span> <span class='ocrx_word' id='word_1_233' title='bbox 1127 2591 1258 2660; x_wconf 78' lang='lat' dir='ltr'>clumam</span> <span class='ocrx_word' id='word_1_234' title='bbox 1264 2589 1317 2646; x_wconf 83' lang='lat' dir='ltr'>etc.</span> <span class='ocrx_word' id='word_1_235' title='bbox 1331 2577 1365 2639; x_wconf 70' lang='lat' dir='ltr'>Ei</span> 
     </span>
     <span class='ocr_line' id='line_1_23' title="bbox 198 2686 1363 2770; baseline -0.001 -15"><span class='ocrx_word' id='word_1_236' title='bbox 198 2712 321 2770; x_wconf 83' lang='lat' dir='ltr'>qncnem</span> <span class='ocrx_word' id='word_1_237' title='bbox 329 2698 366 2759; x_wconf 92' lang='lat' dir='ltr'>de</span> <span class='ocrx_word' id='word_1_238' title='bbox 373 2713 460 2760; x_wconf 84' lang='lat' dir='ltr'>censs</span> <span class='ocrx_word' id='word_1_239' title='bbox 467 2702 510 2759; x_wconf 80' lang='lat' dir='ltr'>ite</span> <span class='ocrx_word' id='word_1_240' title='bbox 518 2698 584 2760; x_wconf 93' lang='lat' dir='ltr'>odio</span> <span class='ocrx_word' id='word_1_241' title='bbox 592 2696 803 2770; x_wconf 84' lang='lat' dir='ltr'>fucritmnndo,</span> <span class='ocrx_word' id='word_1_242' title='bbox 813 2695 946 2756; x_wconf 80' lang='lat' dir='ltr'>videlicet</span> <span class='ocrx_word' id='word_1_243' title='bbox 953 2696 990 2756; x_wconf 93' lang='lat' dir='ltr'>ob</span> <span class='ocrx_word' id='word_1_244' title='bbox 998 2698 1157 2769; x_wconf 78' lang='lat' dir='ltr'>veritatem,</span> <span class='ocrx_word' id='word_1_245' title='bbox 1166 2711 1234 2770; x_wconf 83' lang='lat' dir='ltr'>quoe</span> <span class='ocrx_word' id='word_1_246' title='bbox 1242 2686 1363 2770; x_wconf 75' lang='lat' dir='ltr'>protecto</span> 
     </span>
     <span class='ocr_line' id='line_1_24' title="bbox 198 2793 1452 2878; baseline 0.002 -18"><span class='ocrx_word' id='word_1_247' title='bbox 198 2801 240 2860; x_wconf 92' lang='lat' dir='ltr'>illi</span> <span class='ocrx_word' id='word_1_248' title='bbox 249 2803 355 2864; x_wconf 80' lang='lat' dir='ltr'>acerbe</span> <span class='ocrx_word' id='word_1_249' title='bbox 370 2809 422 2864; x_wconf 89' lang='lat' dir='ltr'>est.</span> <span class='ocrx_word' id='word_1_250' title='bbox 445 2803 521 2863; x_wconf 82' lang='lat' dir='ltr'>Nem</span> <span class='ocrx_word' id='word_1_251' title='bbox 536 2804 613 2878; x_wconf 91' lang='lat' dir='ltr'>qnod</span> <span class='ocrx_word' id='word_1_252' title='bbox 628 2803 758 2864; x_wconf 89' lang='lat' dir='ltr'>Christus</span> <span class='ocrx_word' id='word_1_253' title='bbox 772 2804 903 2878; x_wconf 89' lang='lat' dir='ltr'>leprosos</span> <span class='ocrx_word' id='word_1_254' title='bbox 917 2802 1079 2876; x_wconf 74' lang='lat' dir='ltr'>mundaret,</span> <span class='ocrx_word' id='word_1_255' title='bbox 1102 2807 1229 2876; x_wconf 72' lang='lat' dir='ltr'>aegrotos</span> <span class='ocrx_word' id='word_1_256' title='bbox 1244 2793 1365 2862; x_wconf 56' lang='lat' dir='ltr'>smeret,</span> <span class='ocrx_word' id='word_1_257' title='bbox 1451 2835 1452 2870; x_wconf 54' lang='grc' dir='ltr'>ι</span> 
     </span>
     <span class='ocr_line' id='line_1_25' title="bbox 198 2904 1362 2984; baseline 0.004 -18"><span class='ocrx_word' id='word_1_258' title='bbox 198 2921 301 2979; x_wconf 80' lang='lat' dir='ltr'>squam</span> <span class='ocrx_word' id='word_1_259' title='bbox 316 2908 347 2966; x_wconf 90' lang='lat' dir='ltr'>in</span> <span class='ocrx_word' id='word_1_260' title='bbox 360 2907 456 2967; x_wconf 84' lang='lat' dir='ltr'>viuum</span> <span class='ocrx_word' id='word_1_261' title='bbox 466 2913 599 2984; x_wconf 75' lang='lat' dir='ltr'>mutaret,</span> <span class='ocrx_word' id='word_1_262' title='bbox 615 2914 645 2970; x_wconf 93' lang='lat' dir='ltr'>et</span> <span class='ocrx_word' id='word_1_263' title='bbox 660 2909 801 2984; x_wconf 89' lang='lat' dir='ltr'>ejusmodi</span> <span class='ocrx_word' id='word_1_264' title='bbox 809 2908 904 2968; x_wconf 85' lang='lat' dir='ltr'>omnic</span> <span class='ocrx_word' id='word_1_265' title='bbox 917 2906 1055 2968; x_wconf 80' lang='lat' dir='ltr'>miracula</span> <span class='ocrx_word' id='word_1_266' title='bbox 1067 2904 1145 2968; x_wconf 87' lang='lat' dir='ltr'>ferre</span> <span class='ocrx_word' id='word_1_267' title='bbox 1154 2904 1320 2981; x_wconf 75' lang='lat' dir='ltr'>pomerum</span> <span class='ocrx_word' id='word_1_268' title='bbox 1334 2907 1362 2954; x_wconf 70' lang='lat'>⁸⁶</span> 
     </span>
     <span class='ocr_line' id='line_1_26' title="bbox 197 2998 1363 3083; baseline 0.001 -16"><span class='ocrx_word' id='word_1_269' title='bbox 197 3025 266 3068; x_wconf 86' lang='lat' dir='ltr'>vero</span> <span class='ocrx_word' id='word_1_270' title='bbox 276 3012 382 3083; x_wconf 87' lang='lat' dir='ltr'>corripi</span> <span class='ocrx_word' id='word_1_271' title='bbox 396 3016 426 3069; x_wconf 89' lang='lat' dir='ltr'>et</span> <span class='ocrx_word' id='word_1_272' title='bbox 440 3013 586 3071; x_wconf 85' lang='lat' dir='ltr'>cicatrices</span> <span class='ocrx_word' id='word_1_273' title='bbox 600 3013 727 3073; x_wconf 88' lang='lat' dir='ltr'>ulcerum</span> <span class='ocrx_word' id='word_1_274' title='bbox 741 3011 872 3073; x_wconf 77' lang='lat' dir='ltr'>refricari</span> <span class='ocrx_word' id='word_1_275' title='bbox 886 3016 916 3073; x_wconf 88' lang='lat' dir='ltr'>et</span> <span class='ocrx_word' id='word_1_276' title='bbox 929 3012 1098 3072; x_wconf 82' lang='lat' dir='ltr'>annuncisri</span> <span class='ocrx_word' id='word_1_277' title='bbox 1112 3012 1275 3083; x_wconf 74' lang='lat' dir='ltr'>veritatem,</span> <span class='ocrx_word' id='word_1_278' title='bbox 1284 2998 1363 3066; x_wconf 74' lang='lat' dir='ltr'>snod-</span> 
     </span>
     <span class='ocr_line' id='line_1_27' title="bbox 197 3108 1360 3192; baseline 0.004 -22"><span class='ocrx_word' id='word_1_279' title='bbox 197 3127 268 3171; x_wconf 88' lang='lat' dir='ltr'>nere</span> <span class='ocrx_word' id='word_1_280' title='bbox 283 3128 341 3172; x_wconf 93' lang='lat' dir='ltr'>non</span> <span class='ocrx_word' id='word_1_281' title='bbox 356 3117 501 3190; x_wconf 85' lang='lat' dir='ltr'>poterent,</span> <span class='ocrx_word' id='word_1_282' title='bbox 516 3114 637 3190; x_wconf 89' lang='lat' dir='ltr'>perinde</span> <span class='ocrx_word' id='word_1_283' title='bbox 652 3132 687 3175; x_wconf 85' lang='grc' dir='ltr'>ιι</span> <span class='ocrx_word' id='word_1_284' title='bbox 695 3116 780 3176; x_wconf 91' lang='lat' dir='ltr'>hodie</span> <span class='ocrx_word' id='word_1_285' title='bbox 790 3118 905 3177; x_wconf 87' lang='lat' dir='ltr'>evenire</span> <span class='ocrx_word' id='word_1_286' title='bbox 913 3117 1051 3192; x_wconf 82' lang='lat' dir='ltr'>videmus,</span> <span class='ocrx_word' id='word_1_287' title='bbox 1066 3133 1164 3177; x_wconf 88' lang='lat' dir='ltr'>omnes</span> <span class='ocrx_word' id='word_1_288' title='bbox 1177 3108 1360 3176; x_wconf 71' lang='lat' dir='ltr'>commones.</span> 
     </span>
     <span class='ocr_line' id='line_1_28' title="bbox 198 3207 1360 3296; baseline 0 -21"><span class='ocrx_word' id='word_1_289' title='bbox 198 3231 383 3293; x_wconf 87' lang='lat' dir='ltr'>quoscunque</span> <span class='ocrx_word' id='word_1_290' title='bbox 397 3219 490 3278; x_wconf 89' lang='lat' dir='ltr'>cultus</span> <span class='ocrx_word' id='word_1_291' title='bbox 505 3219 616 3280; x_wconf 86' lang='lat' dir='ltr'>divinos</span> <span class='ocrx_word' id='word_1_292' title='bbox 632 3221 755 3280; x_wconf 88' lang='lat' dir='ltr'>mundns</span> <span class='ocrx_word' id='word_1_293' title='bbox 769 3220 879 3296; x_wconf 84' lang='lat' dir='ltr'>suffert,</span> <span class='ocrx_word' id='word_1_294' title='bbox 902 3223 980 3295; x_wconf 93' lang='lat' dir='ltr'>quod</span> <span class='ocrx_word' id='word_1_295' title='bbox 994 3227 1090 3283; x_wconf 81' lang='lat' dir='ltr'>cutem</span> <span class='ocrx_word' id='word_1_296' title='bbox 1105 3239 1141 3284; x_wconf 82' lang='lat' dir='ltr'>ex</span> <span class='ocrx_word' id='word_1_297' title='bbox 1155 3222 1246 3284; x_wconf 86' lang='lat' dir='ltr'>verbo</span> <span class='ocrx_word' id='word_1_298' title='bbox 1260 3207 1360 3281; x_wconf 81' lang='lat' dir='ltr'>conlui</span> 
     </span>
     <span class='ocr_line' id='line_1_29' title="bbox 197 3323 1359 3403; baseline -0.001 -18"><span class='ocrx_word' id='word_1_299' title='bbox 197 3323 348 3385; x_wconf 81' lang='lat' dir='ltr'>veritatem</span> <span class='ocrx_word' id='word_1_300' title='bbox 369 3325 426 3386; x_wconf 90' lang='lat' dir='ltr'>illis</span> <span class='ocrx_word' id='word_1_301' title='bbox 446 3325 601 3403; x_wconf 90' lang='lat' dir='ltr'>loquimur,</span> <span class='ocrx_word' id='word_1_302' title='bbox 622 3327 677 3386; x_wconf 90' lang='lat' dir='ltr'>hoc</span> <span class='ocrx_word' id='word_1_303' title='bbox 697 3341 876 3402; x_wconf 85' lang='lat' dir='ltr'>concoquere</span> <span class='ocrx_word' id='word_1_304' title='bbox 897 3326 1002 3387; x_wconf 88' lang='lat' dir='ltr'>crudus</span> <span class='ocrx_word' id='word_1_305' title='bbox 1024 3327 1124 3388; x_wconf 92' lang='lat' dir='ltr'>mundi</span> <span class='ocrx_word' id='word_1_306' title='bbox 1138 3327 1300 3388; x_wconf 71' lang='lat' dir='ltr'>stomachus</span> <span class='ocrx_word' id='word_1_307' title='bbox 1313 3330 1359 3378; x_wconf 73' lang='lat' dir='ltr'>nt·</span> 
     </span>
     <span class='ocr_line' id='line_1_30' title="bbox 198 3421 1452 3510; baseline 0.002 -20"><span class='ocrx_word' id='word_1_308' title='bbox 198 3432 268 3507; x_wconf 89' lang='lat' dir='ltr'>quit.</span> <span class='ocrx_word' id='word_1_309' title='bbox 293 3431 472 3494; x_wconf 77' lang='lat' dir='ltr'>Sententiam</span> <span class='ocrx_word' id='word_1_310' title='bbox 488 3449 601 3510; x_wconf 88' lang='lat' dir='ltr'>quoque</span> <span class='ocrx_word' id='word_1_311' title='bbox 616 3449 639 3492; x_wconf 82' lang='lat' dir='ltr'>s.</span> <span class='ocrx_word' id='word_1_312' title='bbox 658 3430 795 3506; x_wconf 78' lang='lat' dir='ltr'>Cypriani</span> <span class='ocrx_word' id='word_1_313' title='bbox 809 3431 944 3508; x_wconf 77' lang='lat' dir='ltr'>adduxit,</span> <span class='ocrx_word' id='word_1_314' title='bbox 961 3450 1019 3510; x_wconf 87' lang='lat' dir='ltr'>quc</span> <span class='ocrx_word' id='word_1_315' title='bbox 1033 3433 1256 3509; x_wconf 75' lang='lat' dir='ltr'>demonstravit,</span> <span class='ocrx_word' id='word_1_316' title='bbox 1281 3433 1359 3502; x_wconf 63' lang='lat' dir='ltr'>quem</span> <span class='ocrx_word' id='word_1_317' title='bbox 1451 3421 1452 3482; x_wconf 45' lang='lat' dir='ltr'>l</span> 
     </span>
     <span class='ocr_line' id='line_1_31' title="bbox 196 3533 1359 3613; baseline -0.002 -19"><span class='ocrx_word' id='word_1_318' title='bbox 196 3535 280 3598; x_wconf 82' lang='lat' dir='ltr'>focile</span> <span class='ocrx_word' id='word_1_319' title='bbox 293 3538 424 3601; x_wconf 90' lang='lat' dir='ltr'>homines</span> <span class='ocrx_word' id='word_1_320' title='bbox 438 3543 544 3602; x_wconf 79' lang='grc' dir='ltr'>ιιιὶιιι</span> <span class='ocrx_word' id='word_1_321' title='bbox 560 3535 686 3600; x_wconf 82' lang='lat' dir='ltr'>offeudct</span> <span class='ocrx_word' id='word_1_322' title='bbox 708 3536 771 3613; x_wconf 90' lang='lat' dir='ltr'>(sed</span> <span class='ocrx_word' id='word_1_323' title='bbox 785 3553 847 3605; x_wconf 85' lang='lat' dir='ltr'>eom</span> <span class='ocrx_word' id='word_1_324' title='bbox 868 3551 970 3612; x_wconf 83' lang='lat' dir='ltr'>cepere</span> <span class='ocrx_word' id='word_1_325' title='bbox 993 3553 1052 3598; x_wconf 90' lang='lat' dir='ltr'>non</span> <span class='ocrx_word' id='word_1_326' title='bbox 1066 3540 1148 3612; x_wconf 93' lang='lat' dir='ltr'>potui</span> <span class='ocrx_word' id='word_1_327' title='bbox 1163 3539 1201 3599; x_wconf 92' lang='lat' dir='ltr'>oh</span> <span class='ocrx_word' id='word_1_328' title='bbox 1214 3533 1359 3611; x_wconf 71' lang='lat' dir='ltr'>strepitum</span> 
     </span>
     <span class='ocr_line' id='line_1_32' title="bbox 196 3627 1359 3719; baseline 0 -19"><span class='ocrx_word' id='word_1_329' title='bbox 196 3644 413 3719; x_wconf 78' lang='lat' dir='ltr'>tympanorum,</span> <span class='ocrx_word' id='word_1_330' title='bbox 438 3661 506 3704; x_wconf 83' lang='lat' dir='ltr'>uem</span> <span class='ocrx_word' id='word_1_331' title='bbox 526 3645 579 3704; x_wconf 86' lang='lat' dir='ltr'>sub</span> <span class='ocrx_word' id='word_1_332' title='bbox 600 3645 743 3705; x_wconf 89' lang='lat' dir='ltr'>concionis</span> <span class='ocrx_word' id='word_1_333' title='bbox 764 3644 865 3705; x_wconf 81' lang='lat' dir='ltr'>horam</span> <span class='ocrx_word' id='word_1_334' title='bbox 886 3658 998 3716; x_wconf 90' lang='lat' dir='ltr'>semper</span> <span class='ocrx_word' id='word_1_335' title='bbox 1017 3641 1081 3704; x_wconf 85' lang='lat' dir='ltr'>iere</span> <span class='ocrx_word' id='word_1_336' title='bbox 1096 3641 1235 3718; x_wconf 83' lang='lat' dir='ltr'>ejusmodi</span> <span class='ocrx_word' id='word_1_337' title='bbox 1250 3634 1317 3716; x_wconf 86' lang='lat' dir='ltr'>qnid</span> <span class='ocrx_word' id='word_1_338' title='bbox 1329 3627 1359 3689; x_wconf 68' lang='lat' dir='ltr'>fii</span> 
     </span>
     <span class='ocr_line' id='line_1_33' title="bbox 197 3738 1358 3826; baseline 0.005 -28"><span class='ocrx_word' id='word_1_339' title='bbox 197 3741 275 3816; x_wconf 80' lang='grc' dir='ltr'>ιιι).</span> <span class='ocrx_word' id='word_1_340' title='bbox 299 3743 358 3803; x_wconf 86' lang='lat' dir='ltr'>Sed</span> <span class='ocrx_word' id='word_1_341' title='bbox 372 3747 449 3806; x_wconf 87' lang='lat' dir='ltr'>dices</span> <span class='ocrx_word' id='word_1_342' title='bbox 463 3748 554 3824; x_wconf 82' lang='lat' dir='ltr'>forte,</span> <span class='ocrx_word' id='word_1_343' title='bbox 575 3750 680 3809; x_wconf 89' lang='lat' dir='ltr'>durum</span> <span class='ocrx_word' id='word_1_344' title='bbox 694 3755 790 3810; x_wconf 85' lang='lat' dir='ltr'>cutem</span> <span class='ocrx_word' id='word_1_345' title='bbox 810 3755 855 3810; x_wconf 90' lang='lat' dir='ltr'>est</span> <span class='ocrx_word' id='word_1_346' title='bbox 874 3766 893 3809; x_wconf 86' lang='grc' dir='ltr'>ι</span> <span class='ocrx_word' id='word_1_347' title='bbox 914 3749 1020 3826; x_wconf 84' lang='lat' dir='ltr'>mundo</span> <span class='ocrx_word' id='word_1_348' title='bbox 1035 3751 1186 3825; x_wconf 89' lang='lat' dir='ltr'>prosequi,</span> <span class='ocrx_word' id='word_1_349' title='bbox 1206 3738 1358 3823; x_wconf 71' lang='lat' dir='ltr'>presertim</span> 
     </span>
     <span class='ocr_line' id='line_1_34' title="bbox 197 3841 1356 3930; baseline 0.008 -28"><span class='ocrx_word' id='word_1_350' title='bbox 197 3859 261 3902; x_wconf 92' lang='lat' dir='ltr'>cum</span> <span class='ocrx_word' id='word_1_351' title='bbox 275 3845 347 3904; x_wconf 92' lang='lat' dir='ltr'>nihil</span> <span class='ocrx_word' id='word_1_352' title='bbox 361 3850 428 3906; x_wconf 82' lang='lat' dir='ltr'>meli</span> <span class='ocrx_word' id='word_1_353' title='bbox 443 3853 561 3911; x_wconf 91' lang='lat' dir='ltr'>meritus</span> <span class='ocrx_word' id='word_1_354' title='bbox 576 3854 625 3928; x_wconf 90' lang='lat' dir='ltr'>sis,</span> <span class='ocrx_word' id='word_1_355' title='bbox 641 3853 693 3914; x_wconf 90' lang='lat' dir='ltr'>sed</span> <span class='ocrx_word' id='word_1_356' title='bbox 708 3861 786 3916; x_wconf 85' lang='lat' dir='ltr'>certe</span> <span class='ocrx_word' id='word_1_357' title='bbox 801 3856 883 3916; x_wconf 91' lang='lat' dir='ltr'>nimis</span> <span class='ocrx_word' id='word_1_358' title='bbox 900 3855 1015 3917; x_wconf 86' lang='lat' dir='ltr'>delicoti</span> <span class='ocrx_word' id='word_1_359' title='bbox 1030 3871 1093 3916; x_wconf 87' lang='lat' dir='ltr'>esse</span> <span class='ocrx_word' id='word_1_360' title='bbox 1107 3855 1242 3930; x_wconf 81' lang='lat' dir='ltr'>uelimus,</span> <span class='ocrx_word' id='word_1_361' title='bbox 1258 3852 1284 3912; x_wconf 88' lang='lat' dir='ltr'>si</span> <span class='ocrx_word' id='word_1_362' title='bbox 1296 3841 1356 3908; x_wconf 79' lang='lat' dir='ltr'>odi⁰</span> 
     </span>
     <span class='ocr_line' id='line_1_35' title="bbox 196 3945 1356 4036; baseline 0.004 -26"><span class='ocrx_word' id='word_1_363' title='bbox 196 3950 298 4012; x_wconf 85' lang='lat' dir='ltr'>heberi</span> <span class='ocrx_word' id='word_1_364' title='bbox 312 3951 444 4028; x_wconf 90' lang='lat' dir='ltr'>nolimus,</span> <span class='ocrx_word' id='word_1_365' title='bbox 460 3960 648 4029; x_wconf 81' lang='lat' dir='ltr'>posteaquem</span> <span class='ocrx_word' id='word_1_366' title='bbox 670 3958 800 4020; x_wconf 90' lang='lat' dir='ltr'>dominus</span> <span class='ocrx_word' id='word_1_367' title='bbox 822 3962 884 4036; x_wconf 89' lang='lat' dir='ltr'>ipso</span> <span class='ocrx_word' id='word_1_368' title='bbox 899 3965 929 4021; x_wconf 90' lang='lat' dir='ltr'>et</span> <span class='ocrx_word' id='word_1_369' title='bbox 943 3961 1070 4020; x_wconf 76' lang='lat' dir='ltr'>salvator</span> <span class='ocrx_word' id='word_1_370' title='bbox 1084 3963 1184 4020; x_wconf 91' lang='lat' dir='ltr'>noster</span> <span class='ocrx_word' id='word_1_371' title='bbox 1197 3964 1256 4020; x_wconf 87' lang='lat' dir='ltr'>tem</span> <span class='ocrx_word' id='word_1_372' title='bbox 1269 3945 1356 4033; x_wconf 81' lang='lat' dir='ltr'>putri·</span> 
     </span>
     <span class='ocr_line' id='line_1_36' title="bbox 197 4057 1355 4136; baseline 0.005 -20"><span class='ocrx_word' id='word_1_373' title='bbox 197 4057 293 4118; x_wconf 88' lang='lat' dir='ltr'>oidioli</span> <span class='ocrx_word' id='word_1_374' title='bbox 309 4057 375 4119; x_wconf 90' lang='lat' dir='ltr'>odio</span> <span class='ocrx_word' id='word_1_375' title='bbox 390 4061 528 4121; x_wconf 82' lang='lat' dir='ltr'>emendo</span> <span class='ocrx_word' id='word_1_376' title='bbox 543 4069 711 4136; x_wconf 90' lang='lat' dir='ltr'>prosecutus</span> <span class='ocrx_word' id='word_1_377' title='bbox 725 4063 822 4124; x_wconf 84' lang='lat' dir='ltr'>fuerit.</span> <span class='ocrx_word' id='word_1_378' title='bbox 860 4064 937 4124; x_wconf 92' lang='lat' dir='ltr'>Dum</span> <span class='ocrx_word' id='word_1_379' title='bbox 952 4069 1048 4125; x_wconf 83' lang='lat' dir='ltr'>eutem</span> <span class='ocrx_word' id='word_1_380' title='bbox 1062 4064 1199 4125; x_wconf 90' lang='lat' dir='ltr'>mundum</span> <span class='ocrx_word' id='word_1_381' title='bbox 1214 4063 1355 4136; x_wconf 75' lang='lat' dir='ltr'>dicit-11⁰n</span> 
     </span>
     <span class='ocr_line' id='line_1_37' title="bbox 195 4157 1356 4244; baseline 0.004 -23"><span class='ocrx_word' id='word_1_382' title='bbox 195 4161 249 4222; x_wconf 89' lang='lat' dir='ltr'>hos</span> <span class='ocrx_word' id='word_1_383' title='bbox 263 4165 310 4224; x_wconf 86' lang='lat' dir='ltr'>vel</span> <span class='ocrx_word' id='word_1_384' title='bbox 323 4165 387 4226; x_wconf 93' lang='lat' dir='ltr'>illos</span> <span class='ocrx_word' id='word_1_385' title='bbox 401 4165 540 4241; x_wconf 87' lang='lat' dir='ltr'>homiues,</span> <span class='ocrx_word' id='word_1_386' title='bbox 557 4182 614 4226; x_wconf 94' lang='lat' dir='ltr'>non</span> <span class='ocrx_word' id='word_1_387' title='bbox 627 4165 705 4227; x_wconf 89' lang='lat' dir='ltr'>hunc</span> <span class='ocrx_word' id='word_1_388' title='bbox 715 4168 843 4238; x_wconf 83' lang='lat' dir='ltr'>ordinem</span> <span class='ocrx_word' id='word_1_389' title='bbox 858 4174 908 4229; x_wconf 86' lang='lat' dir='ltr'>ont</span> <span class='ocrx_word' id='word_1_390' title='bbox 922 4171 1007 4228; x_wconf 90' lang='lat' dir='ltr'>istum</span> <span class='ocrx_word' id='word_1_391' title='bbox 1021 4174 1137 4244; x_wconf 79' lang='lat' dir='ltr'>statum,</span> <span class='ocrx_word' id='word_1_392' title='bbox 1153 4168 1206 4230; x_wconf 90' lang='lat' dir='ltr'>sed</span> <span class='ocrx_word' id='word_1_393' title='bbox 1221 4165 1316 4230; x_wconf 82' lang='lat' dir='ltr'>omnes</span> <span class='ocrx_word' id='word_1_394' title='bbox 1329 4157 1356 4219; x_wconf 71' lang='lat'>11¹</span> 
     </span>
     <span class='ocr_line' id='line_1_38' title="bbox 196 4259 1355 4348; baseline 0.002 -21"><span class='ocrx_word' id='word_1_395' title='bbox 196 4267 360 4329; x_wconf 86' lang='lat' dir='ltr'>uuiversum</span> <span class='ocrx_word' id='word_1_396' title='bbox 377 4272 510 4333; x_wconf 87' lang='lat' dir='ltr'>homines</span> <span class='ocrx_word' id='word_1_397' title='bbox 525 4271 755 4347; x_wconf 88' lang='lat' dir='ltr'>comprehendit,</span> <span class='ocrx_word' id='word_1_398' title='bbox 779 4272 941 4348; x_wconf 88' lang='lat' dir='ltr'>quicunque</span> <span class='ocrx_word' id='word_1_399' title='bbox 963 4289 1021 4334; x_wconf 90' lang='lat' dir='ltr'>unu</span> <span class='ocrx_word' id='word_1_400' title='bbox 1041 4275 1078 4336; x_wconf 89' lang='lat' dir='ltr'>oh</span> <span class='ocrx_word' id='word_1_401' title='bbox 1094 4271 1239 4336; x_wconf 80' lang='lat' dir='ltr'>Christum</span> <span class='ocrx_word' id='word_1_402' title='bbox 1257 4259 1355 4330; x_wconf 69' lang='lat' dir='ltr'>muodo</span> 
     </span>
     <span class='ocr_line' id='line_1_39' title="bbox 198 4369 1355 4456; baseline 0.004 -22"><span class='ocrx_word' id='word_1_403' title='bbox 198 4377 228 4434; x_wconf 85' lang='lat' dir='ltr'>et</span> <span class='ocrx_word' id='word_1_404' title='bbox 241 4375 476 4451; x_wconf 83' lang='lat' dir='ltr'>concupiscentiis</span> <span class='ocrx_word' id='word_1_405' title='bbox 492 4379 554 4454; x_wconf 86' lang='lat' dir='ltr'>ejus</span> <span class='ocrx_word' id='word_1_406' title='bbox 568 4377 746 4452; x_wconf 77' lang='lat' dir='ltr'>renuntient.</span> <span class='ocrx_word' id='word_1_407' title='bbox 785 4377 855 4441; x_wconf 89' lang='lat' dir='ltr'>Vult</span> <span class='ocrx_word' id='word_1_408' title='bbox 869 4378 945 4440; x_wconf 89' lang='lat' dir='ltr'>euim</span> <span class='ocrx_word' id='word_1_409' title='bbox 960 4376 1101 4455; x_wconf 79' lang='lat' dir='ltr'>Christus,</span> <span class='ocrx_word' id='word_1_410' title='bbox 1116 4380 1185 4456; x_wconf 84' lang='lat' dir='ltr'>quic</span> <span class='ocrx_word' id='word_1_411' title='bbox 1198 4393 1252 4442; x_wconf 89' lang='lat' dir='ltr'>nos</span> <span class='ocrx_word' id='word_1_412' title='bbox 1265 4369 1355 4450; x_wconf 73' lang='lat' dir='ltr'>01ect</span> 
     </span>
    </p>
   </div>
   <div class='ocr_carea' id='block_1_5' title="bbox 0 0 1476 4900">
    <p class='ocr_par' dir='ltr' id='par_1_5' title="bbox 0 0 1476 4900">
     <span class='ocr_line' id='line_1_40' title="bbox 0 0 1476 4900; baseline 0 0"><span class='ocrx_word' id='word_1_413' title='bbox 0 0 1476 4900; x_wconf 95' lang='lat' dir='ltr'> </span> 
     </span>
    </p>
   </div>
  </div>
 </body>
</html>
