2940 4900
735 355 799 420 100

264 539 343 598 Inter
352 543 482 612 quartam
490 543 520 596 et
529 537 656 611 quintam
665 538 751 596 horas
759 536 971 610 pomeridianas
979 535 1154 596 Hensel'mus
1162 535 1291 596 Venator
1298 547 1342 592 ue·

175 643 270 704 cited
289 642 396 703 iratres
411 649 525 704 nostros
540 659 558 701 a
572 658 696 702 noverca
711 643 825 701 missua
862 640 952 701 Nchi's
974 657 1087 714 quoque
1109 643 1215 700 literas
1231 637 1345 697 cunina

174 765 274 809 socrus
288 750 387 810 uxcm's
403 755 433 810 et
447 746 747 808 doctorishlelchioris
764 745 801 806 ab
812 746 886 806 Ossa
900 747 1150 806 commendatitias
1165 759 1223 820 pro
1238 741 1346 802 Euhnlo

174 856 212 916 ad
234 855 379 916 doctorem
406 856 549 914 Jcannem
576 853 800 929 Stromhcrgium
823 859 853 913 et
880 851 1026 912 doctorem
1053 851 1230 911 Udalricum
1252 845 1345 906 Mord-

174 963 262 1036 eisen,
278 961 456 1020 consiliarios
470 959 602 1019 Mauritii
620 959 716 1033 ducis,
738 958 820 1018 etad
842 957 1006 1031 Philippum
1023 957 1127 1016 Salden
1142 952 1346 1015 vicecancella-
1453 992 1457 1005 .

174 1068 248 1126 rium
265 1065 387 1124 Caesaris
403 1079 457 1123 nec
470 1081 529 1124 non
543 1062 694 1123 Nicolaum
709 1081 728 1122 a
741 1063 862 1122 Kouritz
884 1077 1041 1121 caesareum
1055 1061 1289 1121 commissarium
1302 1054 1348 1115 cd*

172 1170 278 1230 ferens.
295 1170 406 1230 Eadem
413 1165 933 1230 JoanneseReichenbcchmedicinae
943 1167 1045 1227 doctor
1053 1168 1207 1227 nobiscum
1218 1163 1350 1224 coenavh,

262 1275 394 1338 Reddita
408 1274 492 1334 nohis
512 1275 614 1334 eadem
629 1277 695 1332 sunt
717 1273 810 1332 literae
825 1273 1025 1347 spectatissimi
1048 1266 1349 1346 equitisBalthasaris
1455 1333 1457 1361 ζ

173 1381 375 1457 aiinltiingon.
391 1382 478 1441 Faxit
494 1381 626 1440 dominus
640 1379 790 1468 utriusque
800 1384 897 1438 votum
911 1376 1035 1438 ioelicem
1051 1380 1195 1438 sortiatur
1212 1374 1349 1435 effectum.
1455 1382 1456 1393 ¹

1454 1027 1458 1122 l

1453 1186 1457 1223 Ι

262 1486 431 1550 Ambrosius
452 1487 590 1561 Ammon,
616 1501 680 1558 quae
701 1484 737 1544 de
756 1483 873 1544 interim
895 1485 1074 1558 cociomtat,
1102 1485 1257 1545 nobiseum
1277 1493 1348 1539 com·
1455 1533 1456 1554 ,

173 1594 336 1653 mcmcauit.
373 1593 606 1654 Volkmarienses
621 1598 651 1651 et
671 1589 807 1651 (lonsicin
828 1591 943 1665 egregie
965 1591 1098 1650 comitum
1121 1585 1260 1650 absentia
1275 1583 1350 1645 abuti
1455 1575 1456 1600 ¹

175 1699 318 1759 dicuntur.

263 1802 372 1863 Eadem
396 1799 561 1864 Madrutius
586 1803 772 1864 Tridentinus
801 1804 1005 1878 episcoparet
1030 1801 1186 1861 cardinalis
1207 1799 1349 1872 'Armate

174 1910 254 1969 obiit.
293 1907 428 1967 Carolum
442 1925 460 1966 a
475 1908 628 1968 Stcohhem
648 1905 684 1967 de
705 1909 787 1968 seriis
810 1924 874 1966 cum
888 1923 922 1968 eo
945 1909 1038 1969 acturi
1052 1907 1090 1967 ad
1107 1922 1224 1967 coenam
1239 1899 1348 1966 vocau-
1454 1923 1455 1968 3

175 2030 247 2088 mus,
264 2015 316 2073 sed
330 2013 426 2071 nescio
442 2027 500 2084 qua
514 2014 646 2072 molestia
660 2020 823 2074 remoratus
839 2019 893 2074 est.

262 2117 373 2177 &dem
388 2117 571 2190 cognovimus
591 2119 722 2178 consules
736 2119 922 2193 Augustanos
945 2117 1068 2178 fratrum
1083 2122 1113 2180 et
1127 2117 1230 2206 nostri.
1246 2116 1348 2188 rogatu

173 2223 296 2283 lanionis
311 2223 402 2282 nostri
417 2220 536 2282 fratrem
550 2224 581 2281 iu
597 2224 719 2296 gratiam
733 2224 886 2299 recepisse.

262 2328 336 2388 Veni
350 2334 464 2388 creator
478 2329 605 2404 spiritus,
626 2335 736 2390 mentes
751 2333 865 2388 tucrum
879 2325 975 2404 visita,
997 2329 1084 2404 imple
1098 2343 1229 2404 superna
1244 2323 1345 2402 grafia,
1452 2303 1453 2381 2

173 2449 238 2507 quae
252 2440 284 2493 tu
300 2437 403 2494 creasti
419 2438 546 2509 pectora.
585 2435 664 2494 Pene
688 2435 764 2493 enim
784 2436 814 2492 in
836 2435 967 2495 omnihus
987 2435 1069 2494 nohis
1091 2435 1165 2510 ignis
1181 2433 1292 2493 amoris
1306 2426 1345 2486 tui

173 2541 314 2600 extinctus
333 2546 385 2600 est.
424 2540 469 2598 Tu
484 2538 620 2601 clavillis
634 2538 763 2600 flammas
779 2542 881 2616 excita,
906 2557 963 2613 quo
979 2538 1067 2600 corda
1081 2545 1180 2600 nostra
1194 2535 1343 2604 calefacta,
1452 2559 1453 2563 ¹

173 2661 208 2705 ea
224 2662 288 2720 qua
310 2646 392 2705 nohis
409 2646 494 2718 juxta
515 2647 685 2719 promissum
702 2646 808 2705 domini
833 2653 862 2705 et
877 2647 1029 2706 salvatoris
1044 2647 1136 2705 nostri
1149 2646 1224 2706 Jesu
1241 2638 1344 2704 Christi

172 2753 316 2826 suggeris,
336 2750 501 2812 medullitus
519 2767 572 2810 nos
592 2750 720 2812 afficiant
738 2757 768 2812 ot
789 2751 827 2812 ad
842 2745 943 2810 anima
964 2752 1177 2826 receptaculum
1190 2749 1252 2812 fide
1275 2761 1344 2824 pura
1453 2795 1454 2806 ,

173 2873 208 2916 ea
222 2857 458 2929 transmittamus,
481 2861 567 2928 teque
588 2861 701 2917 rectore
722 2840 818 2918 omnia
841 2863 941 2916 nostra
961 2856 999 2916 ad
1018 2857 1074 2916 Dei
1094 2858 1231 2933 gloriam,
1257 2851 1342 2930 ipsius

172 2960 305 3019 audiente
320 2959 388 3035 filio,
405 2954 571 3036 dirigamus,
587 2963 637 3033 qui
651 2963 722 3022 rivis
738 2968 767 3021 et
780 2978 883 3036 regnas
899 2978 963 3021 cum
980 2962 1080 3057 eodem
1095 2967 1178 3038 patro
1193 2967 1224 3022 et
1240 2959 1300 3020 iilic
1314 2958 1342 3016 iu
1452 3040 1453 3044 Ἰ

171 3065 301 3124 trinitate
317 3063 446 3136 perlecta
460 3063 542 3122 De'ns
557 3067 651 3125 trinus
666 3072 696 3126 et
711 3083 792 3126 unus.
816 3067 918 3127 Amen.

260 3185 299 3227 xx
312 3168 396 3243 Maji,
412 3182 477 3241 qnae
492 3174 557 3227 erat
570 3169 634 3243 ipsa
650 3169 710 3230 dies
730 3175 924 3246 pentecostes,
950 3172 1003 3232 suh
1023 3177 1134 3231 sextam
1157 3172 1261 3232 horam
1276 3173 1341 3231 ante

170 3273 319 3334 meridiem
334 3273 373 3334 ad
383 3263 410 3333 d.
419 3271 588 3332 Maumtium
603 3275 659 3350 pice
675 3276 786 3348 aliquot
799 3277 947 3338 contiones
963 3275 1121 3337 decantata
1136 3284 1212 3337 snut.
1229 3273 1339 3337 Deinde
1452 3301 1453 3304 κ

170 3380 261 3441 lector
270 3395 373 3454 excap.
387 3380 426 3439 15
435 3379 568 3439 Matthaei
582 3379 692 3453 aliquot
705 3381 903 3456 paragraphos
913 3383 983 3458 legit
993 3400 1027 3443 ac
1036 3389 1155 3443 csetems
1170 3385 1339 3443 monitiones

170 3502 223 3561 pro
239 3487 323 3548 solito
337 3486 414 3548 iecit.
430 3487 502 3547 Post
513 3486 575 3546 haec
585 3486 613 3547 d.
620 3485 776 3562 Masculus,
787 3487 919 3548 invocato
929 3488 1053 3550 coelestis
1061 3489 1185 3547 numinis
1196 3481 1336 3563 praesidio,
1452 3525 1453 3536 ,

169 3592 318 3653 historiam
333 3593 391 3654 diei
405 3593 470 3653 festi
484 3595 569 3667 hujus
586 3611 621 3655 ex
636 3597 698 3668 cap.
711 3593 877 3654 lictorum
891 3595 963 3668 legit
977 3610 1069 3668 usque
1084 3593 1122 3653 ad
1135 3595 1210 3654 hanc
1224 3599 1352 3672 senten·=

169 3695 252 3753 imm:
272 3695 331 3754 »Et
344 3698 536 3771 loquebantur
544 3701 631 3759 variis
646 3699 761 3775 linguis,
777 3706 864 3775 prout
879 3701 997 3776 spiritus
1012 3700 1099 3759 dehet
1114 3701 1193 3773 loqui
1209 3699 1271 3758 eis«
1286 3701 1335 3758 etc.

169 3795 276 3855 Aiebat
290 3805 386 3856 antem
395 3808 529 3873 oportere
539 3804 777 3880 animadvertere,
790 3821 848 3877 qua
862 3805 949 3864 animi
962 3806 1121 3864 intentione
1135 3805 1236 3865 heatus
1245 3803 1337 3865 Lucas
1451 3811 1452 3814 ’

170 3899 347 3976 evangelista
360 3907 389 3960 et
403 3904 508 3964 librum
523 3921 605 3966 suum
618 3911 742 3981 priorem
753 3909 874 3985 ethunc,
883 3910 1009 3968 cuidcta
1023 3912 1218 3984 apostolorum
1225 3911 1336 3970 titulum

169 4005 246 4084 iecit,
263 4008 420 4083 scripserit.
443 4009 566 4069 Videtur
580 4017 686 4087 autem,
697 4015 800 4088 inquit,
815 4013 937 4073 d.Lucae
950 4016 1005 4074 hoc
1019 4013 1107 4074 inisse
1123 4015 1292 4090 institutum,
1306 4015 1336 4072 at

168 4115 242 4174 sicut
254 4116 389 4191 inpriore
400 4116 436 4176 de
450 4116 637 4193 humanitate,
648 4121 780 4190 passione
789 4124 818 4177 at
828 4120 1161 4198 resurrectioneGhristi,
1172 4119 1336 4181 similiteret

168 4218 205 4277 de
214 4221 302 4292 gestis
316 4215 502 4280 acmiracalis
514 4221 620 4280 domiui
629 4222 834 4282 sermocinatus
844 4231 897 4300 est,
912 4227 954 4284 ita
966 4227 996 4284 in
1007 4227 1062 4286 hoc
1071 4226 1197 4287 secundo
1212 4227 1335 4287 scribere

169 4323 259 4382 voluit
273 4326 364 4397 qualis
378 4328 462 4400 regui
472 4324 578 4396 Christi
589 4342 736 4388 successus
755 4333 784 4386 et
799 4334 890 4388 status
905 4335 971 4403 post
980 4332 1041 4403 ejus
1056 4333 1294 4392 resurrectionem
1309 4333 1335 4387 et

167 4429 363 4488 ascensionem
376 4429 473 4506 fuant,
489 4437 519 4490 et
530 4431 576 4490 hic
584 4418 768 4507 evangelistae
783 4434 856 4493 ordo
870 4435 1067 4496 observandus
1078 4443 1130 4496 est.
1148 4434 1238 4498 Simili
1252 4434 1334 4494 modo
