2940 4900
772 339 836 406 las

209 1064 274 1108 ceos
290 1047 476 1121 perlustrare.
512 1046 603 1117 Quam
617 1046 740 1119 primum
755 1049 852 1106 eutem
867 1048 1094 1122 inconspectum
1108 1045 1257 1106 Wilhelmi
1271 1043 1367 1102 comte

208 1154 287 1225 veni,
310 1158 388 1212 recte
403 1167 434 1210 se
453 1167 500 1210 res
522 1149 646 1225 habent,
676 1152 783 1226 iuquit,
820 1168 886 1210 nam
906 1153 968 1226 iam
986 1159 1046 1211 tum
1068 1147 1123 1210 ieci
1138 1150 1311 1210 mentionem
1322 1148 1366 1206 tui.

208 1255 279 1315 Post
293 1256 406 1330 repotia
421 1255 619 1316 Atrebateusis
639 1271 684 1314 me
699 1257 817 1330 alonge
832 1261 955 1316 stanmm
970 1255 1070 1315 videns
1093 1255 1208 1314 detecto
1224 1256 1314 1327 capite
1327 1269 1368 1312 au-

208 1361 285 1433 nuit,
308 1377 342 1420 oc
363 1376 429 1419 mox
450 1359 625 1419 Coloniensis
645 1360 882 1435 Atrebatensem,
916 1359 1106 1434 Aigmoudsm
1133 1363 1164 1420 et
1185 1359 1326 1419 dominum
1339 1355 1368 1414 do

208 1466 287 1540 Lyra
302 1466 421 1525 seorsim
436 1464 563 1525 abduxit.
602 1468 676 1540 Quid
686 1466 797 1536 ‚fucum
812 1468 850 1524 sit
864 1472 992 1539 expecto.
1023 1465 1077 1536 Qui
1092 1465 1200 1540 omnia,
1216 1469 1249 1522 ot
1262 1464 1303 1522 illi
1316 1462 1367 1536 pla·

208 1571 295 1630 citum
310 1574 362 1644 est,
379 1570 512 1644 disponit,
538 1574 561 1630 is
578 1578 606 1630 et
627 1573 690 1630 haec
704 1573 819 1646 negotia
835 1571 1058 1630 misericorditer
1073 1569 1219 1630 moderari
1235 1570 1366 1644 dignetur.

208 1675 309 1734 Amen.
1323 1731 1325 1736 .

296 1778 336 1851 iiij
357 1778 438 1838 Juuii
463 1780 493 1837 in
519 1781 581 1842 aede
600 1781 739 1842 Mouritic
763 1795 846 1841 sacra
865 1781 993 1841 Joanues
1017 1781 1159 1841 Heuricus
1183 1797 1219 1840 ex
1241 1780 1331 1856 cupite
1350 1780 1365 1836 3

208 1885 335 1960 epistolae
346 1883 384 1943 ad
390 1885 534 1944 Romanos
547 1886 651 1958 populo
662 1887 794 1964 preelegit
803 1886 880 1946 huuc
889 1891 1010 1946 textum:
1029 1885 1217 1946 »Praesertim
1228 1901 1290 1944 cum
1303 1881 1366 1942 scia·

212 523 335 582 helmum
354 522 486 582 comitem
512 521 548 583 de
570 520 686 582 Nasson
714 526 744 581 et
764 521 860 582 nescio
883 536 955 596 qnos
975 521 1046 582 alios
1067 520 1213 584 siharitice
1234 519 1365 578 instructis

210 629 314 688 mensis
330 643 399 688 exce
422 627 453 686 it.

300 734 373 806 Quia
392 645 481 808 igitur
500 731 677 792 coloniensis
699 730 842 804 pollicitus
865 737 929 792 erat
948 731 1028 808 apud
1050 730 1267 792 Atrebatensem
1280 745 1309 788 so
1321 747 1365 803 pro

209 837 321 898 Eubulo
345 839 567 898 intercessurum
587 840 617 895 et
632 853 714 896 neme
736 842 821 911 esset,
838 837 886 911 qni
900 838 1026 896 monitor
1040 834 1117 911 apud
1132 834 1313 894 wilhelmum
1326 849 1365 891 co·

208 945 305 1003 mitem
320 945 471 1022 existeret,
493 942 555 1016 ipse
574 940 698 1014 cogebar
717 957 762 1000 me
782 942 826 1000 hie
846 941 955 1000 deliciis
975 942 1134 1000 immiscere
1157 955 1193 1000 ac
1206 939 1303 998 hortos
1315 938 1367 1011 lyn-

208 2007 270 2048 mus
284 1996 406 2064 tempus,
423 1990 499 2062 quod
513 1991 714 2064 tempestivum
729 1992 775 2064 sit,-
792 2006 844 2050 nos
859 2009 877 2049 a
892 2007 991 2050 somno
1007 1991 1175 2066 expergisci.
1206 1991 1290 2050 Nune
1303 1988 1367 2046 euim
1447 1989 1448 2048 l

207 2097 324 2171 propius
349 2094 430 2154 adest
444 2095 525 2156 nobis
542 2096 634 2170 salus,
652 2101 824 2169 quamtum,
846 2111 910 2154 cum
931 2097 1137 2157 credebamus«
1154 2100 1210 2156 ete.
1234 2090 1366 2169 usquead

206 2197 292 2258 finem
306 2199 416 2273 capitis.
455 2199 585 2258 Eundem
601 2205 710 2259 textum
729 2201 962 2260 christianissime
978 2201 1147 2275 explanans,
1171 2199 1277 2260 docens
1291 2213 1366 2274 quam
1449 2249 1450 2264 .

207 2321 324 2379 prorsus
347 2304 453 2364 nullam
473 2305 558 2378 hujus
580 2305 761 2378 acceptabilis
784 2307 919 2379 temporis
940 2304 1079 2364 rationem
1094 2303 1262 2379 habeamus,
1286 2301 1366 2363 eddo·

207 2425 273 2470 cens
293 2409 348 2468 hue
368 2410 431 2470 loca
453 2410 551 2482 aliqua
573 2411 788 2484 seripturarum.
827 2412 899 2469 Item
921 2409 1063 2483 quomodo
1080 2411 1141 2484 jam
1163 2428 1219 2486 per
1240 2409 1368 2470 diutinum

207 2519 318 2588 tompus
342 2515 372 2572 iu
392 2519 475 2574 noete
498 2514 803 2588 apseudodoctoribus
826 2515 1039 2575 detenti-simus
1059 2519 1088 2573 et
1108 2515 1177 2589 quid
1196 2517 1367 2588 pernoctem

207 2617 432 2692 significaretur,
457 2619 564 2678 seilicet
578 2624 689 2692 tempus
704 2621 788 2693 illud,
812 2623 843 2681 in
857 2639 914 2694 quo
935 2637 987 2695 per
1002 2637 1084 2682 omne
1099 2619 1180 2682 nefas
1195 2621 1366 2683 ambulantes

207 2723 320 2784 diabolo
336 2722 528 2782 obedientiam
543 2725 727 2798 praestitimus
742 2726 863 2787 necdum
879 2727 978 2802 agnita
991 2727 1054 2786 luce
1069 2727 1236 2802 evangelica
1250 2741 1303 2786 nec
1316 2738 1367 2782 nou

205 2826 350 2902 agnitione
371 2827 477 2888 Christi
499 2835 630 2888 carentes
650 2828 763 2890 luimus.
805 2834 878 2890 Item
905 2832 940 2891 de
964 2837 1092 2892 extremo
1117 2832 1171 2892 hoc
1191 2832 1366 2892 tenebrarum

205 2917 334 3005 tempore
350 2938 379 2991 et
394 2932 471 3005 quod
484 2934 556 2992 hora
571 2934 667 2994 instet.
691 2935 857 2996 Producens
872 2937 1031 3009 exemplum
1042 2937 1078 2996 dc
1093 2934 1191 2996 decem
1205 2933 1364 3011 virginibus,

207 3051 324 3095 monens
345 3051 382 3092 ne
401 3035 502 3094 stultos
527 3037 703 3098 imitaremur
725 3038 899 3100 dormientes
921 3043 951 3100 in
972 3041 1096 3102 adventu
1111 3043 1216 3116 spousi.
1256 3043 1325 3100 Item
1338 3040 1366 3094 ut

201 3141 262 3213 jam
277 3139 374 3212 agnito
398 3139 520 3216 veritate
536 3141 620 3212 juxta
642 3141 669 3198 d.
686 3141 769 3200 Pauli
791 3147 990 3221 praescriptum
1012 3163 1101 3221 opera
1121 3147 1305 3206 tenebrarum
1323 3140 1365 3200 de

204 3258 374 3316 poneremus
389 3249 418 3301 et
432 3259 512 3302 arma
526 3245 597 3302 lucie
613 3245 804 3306 indueremus.
833 3249 906 3309 Item
921 3267 985 3308 cum
1000 3251 1035 3310 de
1055 3253 1131 3310 vitiis
1146 3252 1250 3311 horum
1263 3257 1363 3323 tempo·

205 3365 269 3408 rum
284 3348 446 3424 dissereret,
464 3351 606 3424 quomodo
623 3367 658 3410 cx
674 3353 812 3413 ebrietate
827 3361 963 3430 tanquam
978 3373 1014 3416 ex
1027 3353 1106 3417 fonte
1122 3358 1176 3416 rivi
1191 3363 1289 3418 cetera
1302 3351 1365 3414 vitia

205 3455 378 3516 deriventur.
402 3457 447 3515 Ne
462 3461 558 3517 autem
575 3455 752 3517 Christianos
767 3461 853 3520 vitum
875 3463 1003 3535 cynicum
1019 3461 1124 3522 ducere
1139 3462 1211 3522 velle
1227 3461 1362 3522 existime-

204 3565 297 3636 retur,
323 3563 429 3638 inquit,
452 3580 509 3622 nou
532 3563 610 3637 quod
631 3566 784 3624 convenire
806 3567 911 3625 amicos
927 3572 977 3625 aut
991 3567 1113 3626 honesta
1127 3569 1272 3642 symposia
1285 3575 1365 3640 ogere

203 3669 350 3738 peccatum
365 3667 417 3738 sit,
441 3683 499 3726 non
520 3669 596 3740 quod
616 3669 713 3728 bibere
729 3676 758 3728 et
772 3671 921 3730 comedere
936 3681 989 3746 pro
1006 3671 1109 3730 delicto
1131 3672 1281 3746 habeatur,
1304 3681 1364 3728 uam

203 3769 247 3826 his
263 3785 362 3827 curere
385 3772 542 3844 nequimus,
559 3773 611 3831 sed
626 3774 703 3846 quod
717 3776 758 3834 ita
773 3775 914 3848 potationi
929 3790 1046 3851 operum
1061 3775 1175 3850 damus,
1191 3778 1232 3836 ita
1246 3769 1364 3850 ingluvie

204 3877 233 3932 et
254 3887 333 3931 mero
348 3878 478 3932 ventrem
492 3890 653 3950 oneramus,
677 3883 710 3939 ot
723 3894 790 3938 mox
805 3895 907 3940 orexes
922 3885 1079 3954 sequautur
1094 3897 1128 3940 ee
1143 3883 1272 3956 gemitus.
1309 3877 1360 3936 Du

202 3977 269 4038 inde
284 3981 452 4051 querantur
468 3978 572 4039 cubilia
584 3982 667 4053 Juxta
677 3984 859 4056 proverbium
876 3987 927 4044 »in
937 3986 1002 4064 rino
1014 3986 1160 4060 lomenia«
1177 4003 1231 4048 uec
1244 3981 1363 4046 honestis

202 4067 368 4158 cordugibns
395 4099 448 4142 nee
472 4084 598 4158 innuptis
614 4086 770 4158 virginibus
786 4089 831 4146 vel
841 4077 974 4162 ¹parcitur
988 4091 1033 4150 vel
1050 4107 1118 4150 suus
1133 4093 1256 4152 hebetur
1268 4093 1360 4152 honos.

202 4189 264 4260 Qua
279 4189 353 4247 euim
367 4193 453 4248 aetote
467 4188 558 4261 mcgis
572 4187 609 4248 ab
624 4188 802 4251 helluonibus
818 4198 848 4251 et
861 4196 1049 4268 spurcissimis
1070 4195 1231 4258 hominibus
1246 4194 1362 4267 virginet

201 4291 310 4362 viustn
324 4300 405 4366 sunt,
428 4292 572 4354 adulteria
590 4297 641 4352 aut
655 4297 756 4368 stupra
775 4298 822 4358 rel
836 4300 948 4375 majora
962 4299 1008 4358 vel
1022 4301 1107 4374 plura
1122 4302 1271 4362 commissa
1283 4309 1360 4374 quam

200 4397 255 4458 hae
276 4398 340 4470 ipsa
360 4402 460 4460 nostra
482 4403 568 4458 aetate
584 4405 660 4458 sunt.
697 4400 781 4462 Adde
796 4403 874 4478 qnod
889 4405 1027 4480 eiusmodi
1043 4419 1129 4478 quam
1143 4408 1259 4468 minima
1280 4414 1360 4481 poeua
