2940 4900
748 331 813 400 loe

195 535 260 593 que
275 523 416 594 apparent
430 519 557 594 appetit,
579 521 613 576 nt
627 519 695 576 sunt
715 531 801 591 opum
816 515 936 593 cupido,
960 516 1099 593 splendor
1115 512 1292 586 nirltsrum,
1304 512 1358 572 ruri

196 629 226 683 et
240 624 352 700 urgenti
367 621 536 698 ostentatio,
551 619 656 696 tems,
676 622 774 697 luxus,
796 623 920 684 events
939 627 969 682 et
988 621 1137 698 superbie.
1179 621 1253 682 Item
1266 618 1294 678 iu
1305 616 1360 676 reli·
1439 624 1456 695 ,ῑι

194 730 281 805 gione
295 735 374 788 umet
388 729 588 802 ceremonias,
609 733 779 787 ornamenta
800 744 873 788 euro
894 734 924 788 et
937 732 1058 802 argento
1072 727 1228 799 coloratu,
1243 741 1304 784 cum
1315 721 1362 797 spi
1416 761 1421 776 .

193 835 267 894 ritus
291 833 398 895 Christi
421 840 451 893 et
470 832 666 908 apostolorum
686 832 771 892 deum
790 832 821 890 in
840 833 963 893 veritate
983 831 1137 906 quaeritet,
1162 833 1253 905 jnxte
1272 829 1363 888 dictum
1445 905 1446 919 χ

195 937 314 998 christi:
337 938 463 1009 Mulier,
480 937 544 998 dico
558 937 622 1012 tibi,
638 953 732 1012 neque
747 939 778 996 in
792 943 890 998 monte
904 938 967 1012 hcc,
975 953 1075 1011 neque
1088 935 1308 1008 Hierosolymis
1321 931 1362 991 od·

195 1043 315 1103 orebltis
329 1048 457 1118 petrem,
480 1041 532 1102 sed
551 1044 614 1102 veri
633 1043 809 1103 adoratores·
821 1042 985 1103 odorabunt
999 1058 1064 1102 eum
1083 1044 1116 1102 in
1134 1037 1247 1117 spiritu
1261 1043 1291 1098 et
1303 1036 1364 1097 veri·
1455 1059 1456 1095 1

195 1151 256 1206 tete
271 1150 336 1222 etc,
360 1146 482 1222 etiamsi,
497 1147 592 1220 inquit
604 1147 762 1222 Masculus,
788 1147 813 1206 si
827 1147 900 1208 nihil
913 1149 960 1208 sel
975 1148 1213 1222 deargentatum,
1230 1145 1277 1206 vel
1291 1144 1366 1204 decu·
1447 1129 1448 1136 '

195 1256 291 1312 retum
305 1251 389 1312 adsit.
410 1250 552 1312 Mundum
567 1256 665 1312 eutem
678 1253 819 1311 restitisse
833 1253 948 1326 spiritui
962 1257 1061 1314 sancto
1076 1269 1112 1312 ex
1122 1253 1209 1312 sctis
1225 1267 1288 1323 cep.
1306 1250 1365 1306 lex
1444 1260 1456 1304 ι

195 1357 289 1418 verbis
310 1344 530 1431 protomcrtyris
552 1357 691 1434 Stephani
710 1355 857 1431 probavit:
880 1358 940 1420 Vos
951 1354 1072 1431 ‘semper
1091 1358 1217 1432 spiritui
1231 1373 1255 1415 s.
1271 1353 1365 1414 restiti-

194 1463 256 1540 stis,
272 1465 348 1525 sicut
360 1467 459 1540 patres
473 1464 576 1537 vestri,
601 1463 643 1522 ita
656 1467 686 1522 et
699 1479 751 1522 vos
767 1466 821 1522 etc.
847 1462 948 1535 'onon
959 1466 1055 1523 cutem
1070 1463 1126 1536 cit,
1150 1459 1295 1522 mundum
1308 1473 1365 1517 snos
1403 1439 1411 1451 ⁹
1455 1507 1456 1514 ,

194 1569 315 1644 diligere
330 1574 384 1629 etc.
407 1569 464 1628 Hie
476 1570 573 1628 multis
588 1569 693 1642 docuit,
710 1567 895 1642 quemobrem
909 1566 1104 1642 menniscon,
1122 1569 1178 1642 qni
1194 1563 1310 1626 Christo
1323 1561 1365 1621 ri·
1455 1633 1456 1636 Ἴ

195 1675 316 1746 herent,
331 1674 403 1733 nihil
416 1689 535 1749 prorsus
549 1679 667 1750 reputet
688 1665 719 1733 et
732 1675 863 1749 in'qnem
884 1674 981 1734 multis
996 1671 1118 1733 mundus
1134 1679 1168 1733 et
1182 1671 1238 1730 filii
1260 1669 1307 1730 dei
1320 1683 1364 1743 per
1455 1691 1456 1696 ¹

195 1775 380 1852 disdiapason
395 1776 567 1852 discrepent.
606 1779 689 1851 Quod
707 1783 805 1838 cutem
823 1793 876 1839 nos
890 1779 926 1838 de
941 1778 1047 1840 mundo
1062 1795 1121 1840 non
1135 1793 1251 1852 sumus,
1272 1773 1303 1834 id
1316 1788 1366 1832 non
1447 1801 1448 1826 ι

198 1887 243 1942 est
255 1882 347 1942 nostri
361 1883 474 1956 meriti,
498 1883 600 1943 sodex
615 1884 755 1944 electione
771 1883 892 1958 Christi,
918 1886 968 1958 qui
990 1901 1056 1944 snos
1071 1901 1107 1944 ex
1121 1901 1208 1945 mere
1223 1897 1278 1941 sno
1291 1877 1362 1939 boni·
1455 1901 1456 1904 ¹

196 1993 257 2047 tete
272 1987 367 2061 elegit.
391 1985 522 2046 Christus
535 1989 625 2064 igitur
639 2003 756 2048 oensem
770 1989 829 2050 odii
848 1990 999 2065 expressit.
1036 1988 1099 2048 Nee
1113 1991 1194 2048 enim
1211 1988 1302 2048 Seteu
1314 1982 1363 2042 cel·

197 2107 286 2152 coneo
300 2092 428 2152 mulieris
443 2097 473 2152 et
486 2093 588 2152 semini
603 2093 664 2166 ejus
679 2093 860 2154 coherentes
878 2109 937 2155 nou
951 2094 1112 2168 inquietare
1127 2110 1189 2154 non
1204 2095 1302 2168 potest
1315 2092 1362 2146 etc.

196 2196 370 2271 Postequem
384 2197 423 2259 ed
436 2213 489 2258 nos
503 2201 534 2258 et
546 2202 647 2259 nostre
659 2203 792 2274 tempore
801 2199 863 2258 hsce
876 2199 1057 2273 applicasset,
1072 2199 1226 2260 Musculns
1241 2197 1296 2257 hoc
1309 2192 1361 2266 epi·

196 2300 368 2377 phonemete
381 2302 546 2364 concionem
561 2318 642 2362 suem
657 2303 770 2363 cleusit:
794 2302 868 2378 Quis
882 2320 953 2378 ergo
971 2303 1119 2364 electionis
1133 2303 1189 2365 filii
1204 2318 1260 2364 noe
1274 2311 1362 2362 snmus

196 2412 228 2468 et
241 2423 299 2468 non
312 2406 453 2484 mundus,
478 2407 596 2469 electori
615 2423 669 2482 per
688 2408 785 2467 onmis
802 2409 878 2483 greti
898 2425 961 2469 esse
982 2407 1156 2468 studeamus.
1198 2406 1285 2482 Quod
1302 2401 1363 2464 velit

197 2513 327 2574 curetur
341 2515 403 2588 ipse
418 2511 493 2574 filins
508 2513 555 2575 iel
570 2519 600 2574 et
612 2514 707 2575 homo.
731 2513 833 2572 Amen.

286 2617 436 2680 liborium
454 2618 493 2679 cd
513 2621 644 2680 comitem
659 2635 678 2680 e
691 2619 806 2680 Nesseu
820 2619 956 2694 misimus,
979 2620 1118 2680 vernulis
1134 2615 1262 2692 dixerit,
1277 2630 1308 2674 se
1320 2628 1359 2672 re·

197 2741 333 2802 sponsum
348 2741 366 2784 e
381 2722 549 2786 coloniense
564 2723 690 2786 nondum
705 2725 858 2798 accepisse.
896 2723 924 2783 A
938 2726 1074 2785 commone
1087 2727 1269 2800 licentietum
1282 2720 1359 2784 liieo·

196 2829 274 2890 leum
288 2829 392 2904 Mcicr,
407 2827 621 2904 Wulffgnugum
634 2831 796 2891 Musonium
811 2835 842 2890 et
855 2831 874 2891 J
875 2847 998 2891 oannem
1013 2831 1171 2909 Henricum
1185 2830 1305 2894 allocuti
1318 2840 1358 2885 sn·

197 2949 282 2992 mus.
307 2935 402 2994 llleior
424 2934 571 2994 nobiseum
585 2934 730 3009 prendere
745 2937 861 3010 statuit,
885 2941 931 2996 ast
946 2936 1168 3012 christophorus
1182 2937 1244 3000 dux
1257 2953 1278 2997 c
1290 2930 1359 2994 Wu-

196 3038 317 3113 tenberg
331 3037 414 3097 nobis
428 3036 521 3098 uetus
543 3039 656 3099 obviem
675 3041 769 3114 ipsum
787 3059 840 3117 per
854 3045 1040 3104 secretarium
1063 3061 1146 3105 sunm
1160 3045 1260 3108 noceri
1271 3037 1358 3117 iussit,

196 3140 957 3222 utinterimtooecmquodillietelicnepociecum
972 3147 1043 3208 duce
1058 3155 1151 3209 erent.
1455 3127 1456 3202 l

285 3247 448 3324 injunctum
462 3254 507 3308 est
520 3247 609 3308 Floro
623 3253 657 3308 nt
671 3265 735 3328 enm
749 3250 861 3325 hospite
876 3260 985 3329 ageret,
1007 3250 1159 3330 siconem,
1175 3258 1225 3331 qui
1241 3256 1283 3316 illi
1296 3247 1357 3313 hele

196 3355 332 3416 dometim
347 3351 484 3428 debetur,
507 3355 597 3414 minui
610 3360 723 3430 posset,
743 3359 905 3432 praesertim
927 3358 1006 3434 quod
1019 3360 1147 3421 Josnnes
1161 3359 1255 3422 freter
1269 3364 1299 3420 et
1311 3354 1357 3416 Sc·

195 3462 272 3523 muel
287 3476 376 3537 nepos
390 3459 468 3522 ultm
481 3474 540 3521 non
555 3460 698 3522 adessent.

283 3569 394 3630 Eadem
414 3569 444 3627 in
463 3567 614 3642 horologio
628 3566 666 3630 ed
687 3569 829 3643 parietem
844 3569 985 3631 Mausolei
1000 3573 1031 3632 iu
1043 3571 1129 3634 horto
1144 3571 1263 3648 Georgii
1275 3571 1357 3632 Joen·

197 3674 242 3730 nis
256 3673 384 3747 Fuggeri
396 3672 451 3733 hos
465 3689 566 3733 versus
580 3675 722 3748 nscnptcs
736 3673 807 3748 legi:
964 3681 970 3686 “

360 3889 416 3939 Nec
433 3889 522 3943 brevis
539 3895 604 3946 hore
621 3901 715 3963 potest,
734 3899 781 3949 sed
797 3905 827 3950 ut
845 3898 916 3950 unde
933 3897 1077 3966 impellitur
1095 3899 1166 3952 unde

361 3975 526 4043 Urgeturque
545 3981 635 4032 eedem
653 3985 761 4035 veniens
779 3993 906 4054 urgetque
925 3989 1049 4055 priorem:

360 3803 420 3852 Non
437 3819 514 3856 secus
533 3823 564 3858 ee
582 3810 690 3873 flumen,
708 3825 793 3876 neque
811 3812 880 3862 enim
900 3810 1042 3863 consistere
1060 3811 1156 3864 flumen

365 4065 495 4134 Tempore
513 4068 553 4119 ric
571 4069 676 4136 lugiunt
693 4074 790 4138 pariter
809 4077 956 4144 pariterque
975 4081 1127 4142 sequuntur.
1454 4079 1456 4184 ἱ

1415 4159 1421 4182 ι

285 4191 395 4253 Eadem
420 4193 503 4255 uobis
528 4193 634 4269 pileole
661 4196 718 4257 duo
741 4197 901 4262 holoserica
926 4205 1151 4278 compererimus
1178 4199 1355 4266 eudcrffim

198 4313 256 4357 uno
276 4295 461 4360 honorantes.
499 4299 610 4360 Eadem
629 4302 805 4364 licentietum
818 4305 914 4368 Meier
937 4307 974 4368 cd
995 4310 1095 4369 decem
1109 4307 1276 4369 Udelnieum
1297 4317 1354 4383 pro·
1455 4305 1456 4374 l

198 4400 304 4464 lecum
319 4419 382 4466 esse
397 4407 594 4483 comperimus.
