3028 4894
694 327 738 396 te

126 513 204 574 ulum
225 509 477 574 ratisbonensium.
508 509 620 573 Eadem
641 527 694 588 per
715 509 857 586 hospitem
878 517 1008 574 nosmum
1030 513 1058 574 d.
1080 515 1227 574 Masculus
1247 531 1299 576 nos

131 617 245 679 denovit
266 617 344 678 libro
364 617 485 678 Martini
506 617 611 678 Buceri
632 618 669 676 de
690 617 843 692 disputatis
864 619 894 677 in
915 618 1057 691 coloquio
1084 619 1249 680 Ratbbonas
1271 627 1301 680 et

131 721 255 796 eiusdem
275 723 387 798 scripto
407 726 509 782 contra
530 723 753 783 vintoniensem.
786 725 964 784 Semetarius
985 725 1120 784 Holensis
1139 739 1203 784 enm
1222 726 1300 801 apud

131 826 352 888 Atrebatenscm
366 843 420 901 pro
432 843 571 900 responso
586 829 717 902 instaret,
733 829 874 888 Antonius
888 829 938 888 ille
953 829 1113 888 Perenotus
1125 829 1165 888 illi
1180 845 1298 903 respon·

132 933 184 992 dit:
207 932 324 1006 Urgeus
338 931 471 1007 liglium.
494 931 541 990 Ex
556 947 613 1004 qno
627 931 704 992 dicto
719 931 803 992 facile
816 933 978 1008 intelligere
994 939 1048 1008 est,
1063 949 1149 1007 quam
1163 933 1217 992 sibi
1232 950 1298 994 con·

131 1039 225 1097 meent
239 1037 330 1098 aulici
343 1038 450 1112 polypi.

213 1141 458 1217 Eckeuber‘giane
478 1142 599 1218 domus,
615 1157 679 1218 qne
701 1158 776 1202 nunc
792 1143 1008 1219 archiepiscopo
1023 1145 1188 1208 Trevireusi
1203 1143 1298 1218 hospi·

130 1247 197 1306 linm
222 1247 353 1321 prebet,
378 1249 477 1321 pendit
494 1247 643 1308 comitibus
665 1247 815 1308 aHonlob
838 1250 984 1308 annuatim
1008 1265 1134 1323 pennum
1157 1250 1299 1322 integrum

132 1351 249 1422 rubeum
265 1358 296 1413 et
310 1367 431 1412 anseres
446 1353 517 1414 duos
532 1352 669 1414 candidos
694 1358 723 1412 et
736 1355 832 1414 nescio
848 1354 918 1426 quid
932 1355 1064 1427 amplius,
1084 1355 1202 1426 insuper
1216 1353 1300 1410 corul-

131 1457 202 1518 tibus
217 1460 399 1518 mansionem
421 1459 452 1518 ln
465 1459 519 1520 hae
539 1459 623 1520 domo
639 1465 669 1520 et
683 1463 747 1519 octo
763 1473 902 1531 equorum
916 1457 1072 1532 stabulum,
1088 1457 1137 1516 ubi
1152 1455 1300 1516 eermtibus

132 1562 239 1622 libitum
254 1563 356 1638 fuerit,
371 1565 501 1640 praebere
516 1569 638 1624 tenetur.

217 1668 284 1728 Rex
299 1669 412 1728 Thonis
428 1669 572 1744 aproprio
586 1667 646 1728 filio
661 1668 827 1728 exoculatus
843 1673 886 1728 est
900 1667 955 1728 hec
969 1673 1044 1742 erte,
1061 1675 1102 1742 nt,
1119 1685 1182 1728 cum
1197 1685 1299 1744 ergen-

132 1777 189 1830 tum
209 1769 320 1834 hebeat
339 1775 395 1832 uim
417 1773 619 1849 edtractivam,
639 1775 774 1835 luminum
793 1773 913 1846 ignitam
931 1777 1072 1848 perpetuo
1093 1774 1199 1833 intuitu
1213 1775 1300 1850 inspi-

133 1893 194 1937 cere
208 1884 327 1939 mactus
341 1880 388 1953 sit,
403 1880 500 1954 sicque
510 1881 678 1940 acumvisue
693 1878 830 1953 amiserit,
844 1877 931 1951 idque
942 1879 1025 1951 iussu
1039 1876 1091 1938 filii
1105 1879 1235 1954 senioris,
1251 1881 1300 1955 qui

134 1989 162 2044 et
174 1999 297 2060 regnum
312 1985 470 2059 occupavit.

216 2089 331 2150 Eadem
345 2089 506 2158 licentiatus
520 2088 616 2149 Maior
630 2089 712 2150 noble
727 2093 758 2149 et
770 2088 959 2163 imperatores
975 2096 1005 2149 et
1018 2091 1148 2150 consules
1156 2089 1300 2150 Romanus

132 2195 250 2254 loannis
265 2179 437 2269 (inopiniam
450 2198 549 2254 mutue
564 2192 651 2254 dedit.
681 2193 791 2254 Eadem
811 2192 867 2253 dno
882 2193 1018 2254 Germani
1037 2195 1142 2255 milites
1162 2195 1247 2255 hodie
1268 2195 1299 2255 in

132 2297 184 2358 buc
196 2299 272 2360 urbe
288 2297 325 2358 ab
338 2297 476 2373 Hispanis
490 2299 575 2358 occisi
595 2298 737 2360 dicuntur.
776 2299 863 2361 Faxit
880 2299 960 2360 Dens
980 2316 1017 2359 ne
1036 2299 1222 2362 diuturnioris
1242 2301 1300 2360 odii

133 2405 205 2464 inter
219 2410 373 2477 utrumque
387 2407 502 2478 gentem
516 2399 672 2464 lomentum
686 2405 733 2464 sit.

217 2509 254 2569 Iu
271 2509 388 2582 numne
401 2506 475 2566 urbe
489 2507 649 2568 clarissime

311 2625 368 2687 Quo
386 2623 481 2675 vadam
499 2624 598 2688 nescio,
616 2619 715 2676 inditus
733 2625 836 2688 morior,
854 2622 939 2674 valete
958 2622 1089 2689 posthumi

312 2713 347 2763 ll.
367 2711 535 2767 Posthumiue
553 2727 641 2778 equa.
769 2722 771 2728 ’

218 2807 286 2867 mcc
299 2803 397 2866 mundi
411 2810 442 2865 et
457 2805 601 2865 Christum
615 2805 810 2880 morantium
824 2802 983 2878 ingenium!

311 2904 418 2957 lnloelix
435 2905 524 2956 fatum.
561 2905 637 2957 Prior
656 2905 736 2957 debui
755 2904 829 2956 mori.
866 2902 958 2954 Mater.

222 3025 347 3086 Domine
369 3026 463 3103 Deus,
484 3027 533 3101 qui
554 3041 607 3086 nos
626 3041 680 3100 per
698 3022 788 3084 filium
809 3029 889 3084 tuum
909 3025 971 3084 siue
989 3024 1200 3084 intermissione
1218 3039 1303 3084 orare

36 3211 37 3216 ἵ
136 3127 253 3204 Militi,
279 3131 412 3204 spiritum
429 3133 509 3191 illum
532 3146 648 3206 precum
670 3136 700 3190 et
715 3133 817 3206 grado
831 3132 1006 3192 exsuscitare
1024 3131 1055 3191 in
1068 3129 1151 3191 uobis
1166 3131 1302 3205 digneris,

139 3237 169 3292 ut
180 3235 263 3310 uigili
277 3233 383 3318 iduma
396 3238 500 3296 ostium
522 3234 594 3296 illud
617 3251 717 3296 verum
731 3238 884 3312 pulsemus,
906 3253 961 3312 per
975 3235 1053 3310 qnod
1066 3237 1149 3296 nobis
1164 3235 1203 3295 ad
1216 3240 1246 3294 te
1260 3236 1303 3294 in·

139 3340 240 3401 uoltus
267 3340 353 3400 datur
379 3342 411 3402 iu
427 3341 516 3402 vitem
538 3347 689 3416 eumenum,
720 3342 853 3403 videlicet
873 3342 973 3401 lesum
996 3339 1137 3401 Christum
1160 3341 1303 3400 dominum

140 3449 274 3506 nemum.
297 3445 428 3522 Benigne
442 3453 535 3521 pater,
550 3447 576 3506 si
590 3453 635 3508 est
645 3447 777 3508 voluntas
787 3453 847 3524 tue,
860 3445 897 3505 du
906 3448 1033 3506 revisere
1043 3460 1161 3504 uxorem
1174 3449 1203 3502 et
1218 3459 1304 3515 quam

140 3549 205 3610 mibi
220 3553 387 3612 commisisti
401 3557 537 3627 spen-tum.

36 3641 37 3650 ‘
222 3656 254 3714 ix
268 3655 341 3730 uos
355 3657 507 3731 nmero
522 3656 668 3718 unorum
681 3654 888 3731 prolecturus
902 3652 971 3712 mni
986 3647 1097 3726 mesor)
1113 3653 1305 3727 reposcones

78 3825 82 3830 ,
142 3761 225 3822 verbs
239 3759 348 3820 (ibi-isti
362 3760 441 3835 apud
448 3759 570 3822 Lucam:
590 3762 649 3821 «Et
663 3777 716 3836 ego
732 3761 795 3820 dico
809 3757 900 3834 vobis,
916 3762 996 3817 orate
1011 3761 1041 3818 et
1055 3758 1211 3834 accipietis,
1227 3774 1304 3833 quae·

142 3864 194 3924 rue
209 3870 239 3926 et
253 3861 419 3940 inuenietis,
444 3866 556 3940 pubete
571 3873 601 3925 ct
619 3866 766 3940 aperietur
778 3864 868 3925 vobis.
907 3864 982 3923 Nam
997 3865 1126 3937 quierat
1139 3866 1243 3940 accipit
1258 3867 1306 3938 qni

144 3969 189 4039 qai
204 3971 310 4043 quemt
323 3970 449 4031 inveniet
463 3976 494 4030 et
506 3971 632 4045 pulsanti
647 3971 824 4046 aperietur.»
849 3970 947 4030 Primo
962 3985 1009 4044 ea,
1026 3985 1090 4043 quae
1105 3971 1169 4029 beri
1185 3970 1305 4042 dixerm,

144 4087 239 4134 rursus
262 4075 301 4135 ad
321 4075 420 4150 populi
439 4077 606 4136 memorium
625 4077 787 4148 reuocauit,
810 4073 912 4135 deinde
931 4075 1071 4148 ostendit,
1096 4089 1183 4145 quam
1205 4073 1306 4145 amica,

144 4193 223 4250 qmm
239 4180 330 4242 dulcis
346 4186 376 4242 et
390 4181 524 4241 soluturis
547 4180 611 4239 hec
624 4180 774 4255 promissio
790 4178 895 4240 christi
910 4180 956 4253 sit,
980 4176 1058 4252 quod
1072 4177 1128 4234 ait:
1154 4175 1210 4248 Qui
1224 4176 1306 4250 petit,

148 4286 249 4362 acdpit
262 4293 317 4346 etc.
340 4285 425 4362 Num,
441 4287 545 4361 inquit,
560 4301 613 4346 nee
626 4287 753 4362 locuples
768 4299 822 4344 nee
836 4285 928 4358 inops,
951 4296 1004 4342 nec
1018 4281 1163 4353 sacmdos,
1186 4296 1240 4340 nec
1253 4280 1307 4342 lui·

148 4403 204 4466 tus,
219 4405 274 4452 nec
286 4391 449 4467 milesneo
462 4391 542 4467 dtis,
557 4405 611 4452 neo
625 4405 717 4454 ouem
737 4403 851 4466 quoque
866 4394 922 4458 ,eut
943 4385 1062 4448 claudus
1075 4385 1122 4448 bic
1137 4385 1307 4456 excluditur,
