2966 4900
253 523 281 584 A
300 523 437 585 concione
457 519 636 596 jentaculum
658 513 830 590 sumpsimus
849 529 883 574 ac
907 515 938 574 in
957 511 1040 574 Uber
1064 515 1094 574 in
1113 513 1238 576 emnem
1256 509 1341 572 mbos

162 630 261 706 parari
276 629 436 688 curavimus
452 641 505 700 pro
520 622 653 682 muliebri
662 621 806 694 comitatu,
822 618 875 680 bos
888 625 984 681 mmcu
999 621 1122 696 primum
1133 621 1217 694 juxta
1231 635 1343 694 pagum

162 735 281 795 Harlem
296 733 335 793 ad
349 747 430 790 oram
445 727 574 788 Schualb
593 724 717 784 fluminis
742 725 958 799 insumpsimus,
982 725 1051 786 inde
1065 729 1146 785 recta
1160 723 1344 784 Waldeciam

163 845 293 916 petentes
313 837 427 897 circiter
448 837 581 908 qurum
599 831 824 905 pomeridianam
849 847 944 890 arcem
964 831 1088 905 patriam
1108 831 1262 902 intramus,
1290 829 1344 886 nbi

163 961 216 1004 nos
238 947 383 1017 compater
402 945 501 1000 nostm
522 952 616 996 eomes
632 935 746 995 Samuel
770 935 895 1010 excepit,
924 934 974 1007 qui
996 939 1026 994 et
1045 934 1191 994 nobiscum
1205 936 1344 991 coenatus

164 1054 217 1108 est.
241 1048 396 1106 Waldeciae
412 1043 554 1102 neminem
568 1047 675 1115 preter
689 1037 811 1100 Honfels
831 1046 861 1099 ct
876 1039 1039 1100 Conradnm
1055 1038 1161 1100 Cocum
1174 1055 1238 1096 cum
1252 1036 1343 1096 tarni·

163 1154 212 1227 lia,
228 1167 293 1226 qua
307 1151 347 1211 ibi
362 1164 426 1209 esse
441 1148 598 1222 consueuit,
613 1147 782 1222 reperimus.

253 1256 355 1330 Itaque
369 1272 387 1314 v
401 1253 511 1329 Aprilis
526 1270 544 1312 a
558 1252 700 1314 Waldeck
713 1253 810 1310 tristes
826 1254 856 1310 et
870 1249 947 1310 anxii
962 1245 1092 1323 proiecti,
1118 1263 1177 1308 nou
1190 1249 1344 1308 conscien-

165 1362 206 1421 tia
221 1361 272 1421 sed
286 1361 426 1420 malornm
442 1357 635 1418 delationibus
649 1357 729 1429 moti,
752 1357 834 1429 juxte
848 1354 1005 1429 psalmistae
1020 1353 1120 1413 uerba:
1140 1353 1268 1412 »Euntes
1283 1352 1343 1414 fle·

165 1467 255 1524 vimus
270 1465 415 1525 mittentes
431 1463 540 1521 semine
553 1466 684 1534 nostra«,
700 1460 835 1520 uicesima
854 1458 981 1520 secunda
996 1458 1066 1518 Julii
1080 1463 1258 1518 revertentes
1271 1461 1345 1518 sani

166 1575 196 1629 et
209 1571 315 1644 integri
329 1585 392 1628 cum
408 1567 575 1626 charissima
589 1582 680 1626 uxore
694 1565 826 1624 laetantes
835 1563 875 1624 ad
884 1561 1004 1624 eandem
1018 1579 1114 1624 arcem
1127 1564 1254 1622 remmus
1268 1579 1343 1636 por·

166 1678 261 1734 tantm
275 1672 435 1746 manipulos
449 1677 574 1732 nostros.

255 1777 429 1836 Benedictus
450 1777 539 1850 igitur
559 1776 598 1834 sit
613 1775 684 1835 deus
698 1780 782 1848 pater
796 1774 931 1848 eoelestis,
953 1774 1003 1848 qni
1019 1789 1071 1832 nos
1085 1772 1122 1832 de
1135 1789 1221 1831 manu
1234 1777 1344 1848 poten-

167 1883 205 1940 tis
221 1886 252 1939 et
270 1882 347 1938 omni
366 1883 564 1953 expectatione
581 1878 763 1942 inimicorum
784 1879 903 1954 eripuit,
926 1883 957 1938 et
970 1879 996 1936 is
1011 1877 1094 1937 modo
1113 1879 1344 1938 misericorditer

170 1985 279 2044 donam
294 1984 443 2058 dignetur,
468 1988 502 2041 ut
516 1985 659 2043 uomfioni
671 2001 742 2044 mea
758 1990 875 2059 emotae,
890 1984 916 2043 si
931 1984 1028 2044 divina
1042 1985 1085 2042 sic
1099 1999 1151 2042 sna
1164 1981 1222 2042 lert
1234 1983 1340 2043 uolun-

166 2094 222 2162 tas,
237 2088 376 2148 inservire
391 2088 430 2147 ad
444 2088 489 2146 sui
503 2089 677 2147 sacrosancti
692 2091 816 2149 nominis
831 2090 965 2164 gloriam,
987 2089 1164 2149 subditorum
1178 2086 1341 2163 proiectum

167 2197 197 2252 ct
211 2193 310 2250 uxone
330 2195 359 2252 et
377 2191 535 2252 liberorum
556 2208 704 2268 meamque
726 2194 848 2274 amntem
868 2194 925 2253 rite
940 2209 1052 2268 queam.
1090 2193 1179 2266 quue
1193 2209 1246 2266 per
1262 2209 1339 2266 eum,

168 2297 218 2373 qui
232 2313 284 2356 nos
309 2297 363 2356 sibi
378 2298 508 2373 precioso
523 2314 575 2358 eno
599 2299 739 2373 sangnine
758 2304 901 2358 mercatus
916 2301 975 2372 est,
995 2299 1014 2358 J
1016 2314 1094 2357 esum
1109 2297 1262 2372 Christum,
1286 2298 1338 2358 de-

168 2404 276 2480 minnm
290 2408 430 2478 noenum,
447 2403 493 2463 cui
508 2419 570 2464 cum
585 2404 686 2466 codem
699 2409 783 2479 patre
799 2408 828 2463 et
843 2407 942 2463 sancto
962 2404 1066 2479 spirita
1080 2404 1143 2462 laus
1158 2403 1196 2463 sit
1210 2409 1240 2463 et
1254 2403 1340 2463 bene·

166 2509 254 2568 dictio
268 2508 300 2566 in
315 2509 419 2568 secula
442 2508 544 2568 Amen.

257 2612 379 2672 Domine
395 2612 476 2688 deus,
493 2613 544 2686 da,
560 2629 618 2673 non
633 2611 711 2686 quod
726 2617 811 2674 antea
826 2612 911 2686 quid,
931 2609 1113 2670 interimant
1128 2608 1248 2684 posthac
1261 2625 1339 2670 mor·

167 2716 234 2776 talis
253 2733 343 2777 vanus
366 2719 468 2779 statuit
488 2724 631 2780 statuetve
653 2718 765 2791 facere,
789 2717 840 2777 sed
865 2715 943 2790 quod
965 2715 1014 2776 ille
1036 2731 1089 2774 nos
1104 2714 1227 2789 edocuit,
1251 2731 1341 2790 super

168 2837 252 2896 quem
267 2822 430 2884 inJordane
444 2825 561 2897 spiritus
576 2828 643 2884 tuus
656 2825 749 2884 bonus
763 2824 841 2882 uisum
854 2825 899 2882 est
912 2825 942 2881 ct
957 2836 1042 2896 quem
1056 2837 1144 2880 unum
1158 2820 1254 2894 patria
1268 2835 1340 2880 voce

167 2941 219 2984 nos
234 2926 335 2986 audire
349 2927 523 3001 precepisti.
546 2929 646 2988 Arnen.

257 3027 327 3086 Cum
342 3029 469 3089 damnes
490 3032 601 3090 Nellius
622 3033 803 3094 amanuensis
822 3037 921 3092 noster
950 3035 991 3092 24
1011 3030 1163 3090 Februarii
1187 3044 1263 3088 auno
1283 3035 1339 3089 etc.

171 3135 211 3191 49
227 3131 376 3192 itinerario
399 3121 466 3192 huic
484 3139 659 3206 postremam
679 3155 792 3198 manum
816 3138 1011 3212 imposuisset,
1036 3135 1175 3211 postridie
1197 3135 1259 3207 eJus
1281 3134 1340 3194 dici

167 3237 327 3312 Philippus,
343 3237 362 3295 J
364 3253 472 3296 oannes
493 3245 521 3298 et
535 3237 708 3300 Franciscus
729 3244 847 3302 comites
862 3243 891 3301 in
906 3239 1048 3301 Weldeck
1066 3237 1171 3298 iratres
1185 3240 1278 3298 nostri
1293 3254 1340 3297 eo-

169 3342 233 3404 dem
248 3345 377 3419 genitore
398 3344 545 3406 nobiscum
567 3346 622 3406 sati
640 3348 762 3422 primum
784 3346 916 3408 domitia
934 3347 1032 3406 uxoris
1053 3348 1161 3405 nostrae
1175 3343 1340 3404 Anastasia

169 3452 248 3528 (licet
271 3453 403 3514 malevoli
424 3458 453 3512 et
474 3453 577 3528 quibus
597 3453 750 3513 concordia
771 3452 893 3512 fratrum
907 3469 967 3512 non
980 3452 1093 3512 lucrosa
1107 3450 1205 3512 bitum
1219 3451 1338 3510 timeba-

167 3565 215 3618 tur
229 3559 260 3617 in
274 3563 391 3621 tertium
405 3578 497 3635 usque
512 3576 619 3620 annum
633 3561 699 3620 huic
713 3560 832 3632 negocio
842 3554 1025 3631 obstiterint)
1049 3561 1078 3615 et
1093 3557 1152 3616 suis
1165 3556 1340 3632 syngraphis

169 3666 199 3720 et
213 3663 313 3734 sigillis
327 3664 541 3726 confirmarunt.
581 3666 764 3740 Quapropter
780 3668 809 3722 et
824 3679 887 3738 ego,
905 3667 1039 3738 expertus
1054 3679 1112 3722 nou
1126 3661 1261 3722 confundi
1275 3663 1339 3736 qui-

168 3781 280 3837 cunque
303 3773 455 3839 expectant
475 3771 633 3845 dominum,
658 3775 770 3844 patrem
792 3769 898 3829 domini
919 3771 949 3826 et
969 3765 1133 3826 liberatoris
1156 3767 1247 3827 nostri
1268 3768 1340 3826 Jesu

167 3867 275 3930 Christi
299 3885 362 3928 cum
383 3869 443 3930 iilic
463 3888 514 3931 sno
542 3873 725 3934 dilectissimo
744 3881 774 3934 et
793 3873 896 3947 spiritu
916 3877 1016 3931 sancto
1031 3869 1186 3948 confiteor,
1206 3873 1295 3932 laudo
1310 3877 1342 3932 ct

166 3975 306 4038 benedico
321 3975 352 4034 in
367 3980 469 4034 cuncta
484 3977 580 4036 secula
594 3979 763 4039 seculorum.
785 3979 888 4038 Amen.

257 4080 362 4140 Actum
377 4077 529 4140 Gorbacbii
551 4080 581 4137 in
596 4082 712 4142 archivo
727 4085 867 4144 litterario
882 4089 981 4144 nostro
995 4084 1026 4141 in
1041 4083 1196 4158 prasentia
1209 4082 1266 4140 mei
1280 4081 1340 4140 Eu·

170 4185 230 4244 buli
245 4190 275 4243 et
289 4186 449 4245 Hermanni
463 4201 498 4244 ac
512 4185 633 4245 ioannis
648 4185 818 4262 Nellicrum,
834 4204 1036 4263 germanorum
1051 4185 1182 4261 hotrum,
1200 4187 1267 4248 dum
1281 4187 1340 4248 Ro·

170 4289 314 4352 maueneis
340 4290 441 4364 cohors
468 4290 602 4352 Sathena
624 4295 714 4352 oestm
740 4292 864 4366 percitus
885 4294 1032 4354 interitum
1057 4292 1203 4352 intentans
1225 4291 1340 4351 interim

173 4392 259 4452 remis
279 4393 405 4467 velisque
426 4395 493 4454 huic
507 4395 612 4472 oppido
633 4397 769 4457 invehere
796 4403 928 4472 conamr,
959 4398 1036 4473 quod
1053 4395 1208 4473 probibeat
1226 4398 1267 4472 is,
1289 4397 1341 4472 qni
