2940 4900
95 529 257 589 voluntate
278 526 417 589 affectum.
448 529 477 587 Is
497 531 521 588 si
544 546 597 603 pro
612 531 778 604 ignorantia
799 535 850 590 aut
871 527 908 589 ob
930 527 1085 588 ruditatem
1106 503 1284 600 neumenia,

94 651 170 708 quae
186 635 359 708 praeceperit
373 635 469 709 herus,
491 634 685 696 adamussim
705 640 872 709 exequatur,
897 639 993 693 tamen
1012 617 1089 692 hunc
1109 649 1167 693 non
1188 634 1285 693 statim

93 739 196 798 herus
213 739 299 800 domo
318 740 434 813 ejiciens
452 739 658 816 profligaturus
679 746 732 814 est,
757 746 807 800 aut
828 739 997 801 concitatior
1017 739 1047 796 in
1068 755 1133 798 enm
1152 739 1216 811 erit,
1241 739 1284 796 ni·

93 845 212 904 mirum
227 846 321 904 sciens
341 846 418 919 quod
439 863 498 906 non
520 823 655 922 studium,
679 847 730 906 sed
752 847 871 906 scientia
889 845 931 904 illi
947 843 1084 915 ‘deluerit
1107 845 1197 903 multa
1218 858 1284 901 oon·
1369 839 1375 855 '

95 948 199 1008 donat
221 954 339 1009 etcum
360 949 462 1010 suffert
484 957 537 1011 etc.
576 953 760 1039 Invigilemus
781 952 869 1027 igitur
890 957 923 1011 at
942 953 973 1010 in
996 956 1113 1025 recepta
1135 948 1286 1009 dilectione

94 1069 328 1127 permaneamus
343 1062 372 1114 et
392 1049 444 1116 nos
465 1059 495 1116 in
515 1057 646 1118 custodia
664 1059 872 1132 praeceptorum
895 1053 1087 1131 exerceamus,
1110 1049 1188 1130 quod
1202 1052 1286 1113 nobis

95 1157 206 1220 faveat
221 1158 302 1220 Deus
316 1165 400 1235 pater
414 1171 467 1238 per
483 1161 627 1222 Christum
646 1160 745 1222 filium.
776 1163 876 1224 Amen.

197 1266 274 1325 Ante
290 1269 453 1327 concionem
473 1269 550 1328 iutra
572 1269 590 1326 5
612 1273 641 1328 et
662 1273 682 1328 4
701 1270 780 1329 venit
798 1269 935 1343 magister
956 1267 1103 1342 (ilaserus,
1127 1267 1176 1340 qui
1191 1266 1221 1323 in
1237 1281 1284 1324 co·

96 1371 197 1430 mitiis
218 1371 395 1446 augustanis
417 1373 493 1431 vices
511 1373 686 1447 principum,
711 1373 844 1432 comitum
866 1379 895 1432 et
918 1372 1098 1432 dominorum
1118 1369 1286 1429 Henneber·

94 1477 241 1550 gensium
263 1478 394 1552 gerebat,
418 1479 541 1550 cuique
564 1478 594 1537 in
614 1479 732 1538 cardine
751 1489 798 1537 res
818 1482 925 1538 nostrae
948 1479 1133 1536 versarentur
1154 1474 1286 1549 exposui·

96 1598 178 1658 mus,
198 1581 321 1642 eundem
335 1587 471 1657 rogantes
486 1588 519 1642 ut
533 1583 678 1643 Staculum
693 1601 711 1644 a
725 1583 865 1644 Scbleben
880 1582 975 1642 adiret
989 1582 1189 1655 expiscaturus
1204 1577 1286 1652 quid-

95 1704 173 1746 nam
197 1689 229 1746 in
251 1703 337 1748 causa
357 1693 461 1747 nostra
482 1704 535 1762 per
558 1687 711 1748 electorem
735 1687 1019 1762 Brandebnrgensem
1042 1684 1150 1746 iactum
1173 1682 1284 1743 luisset.

97 1792 161 1865 Qui
178 1793 235 1852 sub
249 1791 399 1866 prandium
412 1799 562 1852 revertens
577 1793 619 1858 ait
632 1794 796 1853 humaniter
806 1805 841 1853 ‘se
856 1811 875 1852 a
890 1792 1006 1853 Staculo
1028 1797 1175 1866 acceptum
1194 1790 1285 1848 hunc·

97 1916 160 1972 que
178 1897 296 1958 dedisse
311 1896 405 1972 fidem,
429 1915 460 1957 se
476 1898 576 1958 sedulo
592 1900 669 1973 apud
684 1901 837 1960 electorem
853 1913 934 1958 suom
949 1900 1059 1958 instare
1074 1897 1157 1971 velle,
1181 1902 1214 1956 ut
1227 1907 1286 1956 nna

98 2019 169 2062 cum
193 2003 364 2063 comiliariis
385 2003 464 2063 ducis
484 2004 617 2063 Mauricii
637 2005 931 2079 Brandanbnrgenses
951 2021 1004 2076 pro
1025 2002 1107 2063 nobis
1126 2002 1284 2062 intercede-

98 2114 187 2185 rent,
212 2110 260 2168 vel
283 2109 308 2167 si
330 2107 388 2192 dnn
408 2109 567 2168 Mauricius
590 2111 761 2171 consiliariis
786 2110 845 2170 suis
867 2109 1005 2184 Augustae
1028 2109 1135 2168 rebctis
1156 2107 1227 2166 nihil
1249 2107 1286 2166 de

98 2215 157 2274 bae
180 2231 215 2274 re
235 2213 403 2295 injunxerit,
426 2231 458 2274 se
479 2215 611 2275 daturum
632 2231 748 2289 operam
769 2220 802 2274 ut
822 2213 949 2275 marchio
973 2215 1080 2274 elector
1100 2214 1178 2274 solas
1197 2213 1286 2273 iuter-

100 2321 237 2382 cedaret.
927 2312 931 2322 ’
1046 2307 1049 2312 ’

198 2425 304 2484 Pransi
318 2431 385 2484 sunt
400 2425 546 2485 nobiscum
561 2425 637 2486 idem
657 2427 793 2501 magister
816 2425 1001 2486 Sebastianus
1022 2428 1052 2482 et
1071 2423 1283 2496 Kuiephansen.

200 2528 393 2602 Eademante
409 2547 515 2589 nonam
529 2530 783 2608 antemeridianam
797 2529 903 2590 fratres
918 2535 947 2590 et
967 2546 1029 2603 ego,
1053 2527 1197 2600 Liberius,
1222 2525 1286 2584 (lol-

100 2634 261 2708 bacherus,
282 2635 411 2708 Lyndius
427 2640 481 2696 etc.
496 2638 574 2695 intra
589 2635 750 2694 cubiculum
764 2611 963 2695 Atrebatensis
979 2634 1081 2706 vocati,
1102 2631 1151 2692 ubi
1165 2633 1196 2690 in
1210 2645 1284 2705 pra-

50 2747 54 2758 *
102 2743 204 2802 sentia
219 2739 368 2800 doctorum
384 2741 462 2800 Seldi
477 2747 507 2801 et
520 2742 608 2815 Viglii
622 2733 759 2814 magister
774 2741 878 2800 Florus
899 2739 1098 2812 responsiones
1120 2742 1149 2796 et
1170 2737 1285 2809 petitio·

102 2863 158 2906 nes
176 2850 293 2904 nostras
307 2847 423 2920 praesuli
438 2848 578 2921 exposuit,
603 2846 655 2906 sed
669 2863 732 2904 oum
747 2846 867 2904 multum
887 2843 993 2917 diuque
1012 2844 1080 2902 binc
1094 2847 1124 2900 et
1138 2842 1205 2902 iude
1220 2857 1284 2900 ver·

103 2952 150 3010 bis
176 2951 340 3011 albucatum
362 2953 438 3010 esset
458 2950 521 3028 (sed
540 2955 636 3012 omnia
657 2969 685 3025 q.
708 2951 840 3024 precario
860 2945 990 3024 agentes)
1005 2949 1078 3008 tales
1093 2947 1209 3009 tandem
1224 2949 1284 3008 ebi-

104 3057 336 3141 rhodanusiae
351 3059 489 3130 venimus,
512 3073 578 3115 nam
594 3055 629 3115 de
645 3057 699 3116 diis
714 3057 905 3131 periculosum
921 3059 964 3115 est
978 3051 1034 3114 fari
1054 3059 1107 3114 ete.

200 3160 312 3222 Eadem
333 3160 500 3221 Galacteum
522 3161 559 3220 ad
579 3161 754 3222 licentiatnm
784 3161 933 3222 Nicolaum
959 3160 1053 3220 Maier
1075 3161 1203 3220 nnsimns
1232 3174 1286 3232 pro

106 3266 248 3340 consilio,
272 3267 322 3340 qui
336 3282 450 3340 qnoque
465 3282 635 3341 responsum
650 3267 817 3339 reportavit.

201 3372 475 3444 intereantomues,
500 3372 549 3445 qni
563 3371 679 3459 interim
693 3372 767 3431 illud
781 3389 816 3431 ex
831 3371 917 3431 corde
932 3371 1152 3442 amplectuntur.

200 3474 249 3534 Ad
267 3475 419 3536 secundam
438 3475 661 3549 pomeridianam
681 3477 762 3536 verbi
781 3475 904 3534 ministri
925 3480 955 3534 et
973 3473 1104 3533 consules
1125 3470 1205 3530 urbis
1225 3470 1285 3529 Au-

108 3587 203 3657 gustae
220 3581 386 3656 cougregati
401 3586 477 3640 sunt.
507 3581 629 3642 Domine
644 3583 717 3642 baua
732 3595 904 3655 prosperare
919 3583 949 3637 et
963 3593 1000 3638 ne
1015 3577 1065 3635 des
1079 3577 1173 3636 locum
1188 3591 1286 3649 super-

109 3687 155 3747 bis
171 3691 202 3746 et
217 3686 320 3760 impiis.
426 3682 429 3688 ’
812 3683 816 3693 “
1136 3677 1138 3680 ’

202 3791 312 3851 Eadem
327 3791 462 3851 carolum
476 3810 495 3851 a
509 3792 653 3852 Stookeim
673 3794 818 3865 satrapam
838 3790 869 3849 in
883 3789 1032 3864 Weilburg
1053 3793 1082 3849 et
1101 3787 1230 3864 Usingen
1250 3785 1287 3847 ad

111 3896 246 3956 comitem
261 3913 343 3956 snum
357 3896 420 3960 heri
434 3898 540 3958 abiisse
554 3897 749 3971 comperimus.

157 4027 160 4034 ¹
202 4001 313 4062 Eadem
328 4002 462 4062 Liberius
478 4003 515 4063 ob
529 4001 722 4063 valetudinem
741 4007 774 4062 ut
791 4003 894 4062 missus
914 4003 1025 4076 aliquot
1046 4001 1173 4060 aculina
1188 4003 1286 4057 nostra

112 4102 154 4166 illi
175 4108 365 4182 mitterentur,
389 4123 446 4182 quo
466 4107 606 4168 medicum
626 4112 655 4167 et
673 4107 940 4184 pharmacopolam,
965 4123 1086 4181 qnomm
1108 4118 1198 4178 opera
1217 4115 1286 4159 usus

114 4217 190 4287 erat,
214 4213 344 4273 convivio
360 4215 493 4286 excipere
508 4204 618 4286 posset,
642 4215 764 4288 rogavit.

204 4317 359 4376 Consilium
375 4318 393 4375 J
395 4317 495 4377 oannis
509 4316 607 4377 fratris
623 4320 714 4377 nostri
736 4325 807 4392 erat,
831 4323 864 4376 nt
882 4332 971 4390 opera
991 4315 1097 4374 domini
1115 4313 1150 4372 de
1166 4311 1243 4386 Lyre
1259 4314 1287 4402 et

7 4453 8 4470 ι
115 4420 216 4496 Basca,
240 4423 289 4496 qui
303 4439 361 4482 nou
376 4429 517 4483 extremas
532 4411 610 4494 apud
625 4424 826 4496 imperatorem
840 4427 941 4480 tenere
956 4421 1099 4492 dicuutur,
1123 4418 1197 4476 alter
1211 4417 1288 4474 euim
