2940 4900
168 467 270 530 damu
292 465 403 542 equites
419 463 533 526 eiroitm
547 467 624 526 mille
640 471 670 525 st
685 465 795 539 adami
815 471 961 524 tomento
980 483 1061 526 tues
1074 481 1144 524 uum
1158 465 1276 538 pulsem
1296 479 1339 522 ar·
1459 507 1462 514 .

168 571 309 636 mulatio
332 577 398 644 stc,
431 577 461 630 et
481 575 624 646 menaea
638 576 671 629 ut
690 570 729 630 ad
748 570 854 630 dietam
876 573 907 630 iu
925 571 1082 632 Hennam
1104 572 1249 630 musnet.
1283 570 1343 643 ima
1460 583 1461 588 ¹

169 683 265 742 auten
281 691 335 752 ego
356 676 438 756 (quie
452 691 497 736 mc
518 674 624 736 nudam
647 677 694 735 rei
717 692 771 750 pro
793 691 839 734 na
864 677 927 750 ipso
942 675 1344 752 gnt'nnspudcasariams
1460 687 1462 692 ’

169 797 303 864 proceres
318 783 448 844 invenire
462 779 622 856 sperarem)
637 796 755 840 cansam
769 780 844 840 nnuc
859 795 878 839 a
891 798 937 841 me
950 783 1050 855 reieci.

260 887 369 950 iisdem
384 887 518 946 ostiarius
533 901 654 944 camerae
669 885 783 944 concilii
798 886 954 958 impertitis
965 888 1047 962 junsu
1062 887 1302 948 consssinriorm
1313 884 1347 942 ad

171 991 324 1070 nospitium
347 995 475 1052 nostrum
498 989 615 1048 veniens
639 991 748 1064 scripta
767 989 1020 1065 redintegrationis
1040 994 1231 1066 querelarum
1246 988 1348 1048 Puder-

171 1095 320 1162 irruerit·
340 1093 471 1172 presulis
493 1099 595 1156 contra
615 1095 733 1154 comites
749 1111 767 1154 a
782 1095 923 1155 Waldaclr
936 1098 1064 1170 Enbulo,
1087 1114 1176 1171 quem
1192 1095 1287 1156 solum
1299 1093 1348 1152 ibi-

171 1201 235 1268 dem
251 1201 368 1278 reperit,
384 1197 511 1262 tradidit.
536 1199 686 1275 Philippus
707 1205 737 1258 ct
759 1199 887 1260 domnas
907 1201 1013 1263 iratres
1034 1206 1126 1262 nostri
1148 1219 1219 1262 curu
1240 1199 1350 1260 domins

171 1307 299 1390 principe
323 1307 434 1370 Hassis
449 1307 547 1384 pransi
562 1309 637 1381 sunt,
654 1305 768 1367 Samuel
788 1311 818 1366 et
831 1305 963 1366 Eubulus
981 1309 1012 1367 iu
1032 1309 1161 1383 hospitio
1184 1318 1349 1381 permense-

172 1421 248 1478 runt.
279 1413 446 1478 lintrium
461 1411 497 1474 de
512 1411 799 1474 solvendsmmitits.
830 1411 969 1470 Dominus
984 1413 1020 1472 dc
1035 1414 1114 1487 Lyn-s
1130 1412 1184 1490 (ex
1198 1413 1264 1470 ciue
1278 1409 1350 1483 priu-

173 1519 251 1598 oopr)
263 1517 369 1582 Curari
383 1517 534 1580 aeorrsiilis
544 1523 573 1580 et
582 1517 722 1578 exercitus
732 1515 789 1576 dux
799 1516 837 1576 sd
845 1516 995 1577 datorum
1006 1519 1168 1594 principem
1180 1518 1288 1576 missus
1302 1517 1349 1571 cst.

263 1623 379 1688 inimus
394 1623 495 1686 eodum
517 1623 546 1684 iu
562 1619 677 1684 cilicina
691 1623 848 1696 cujusdam,
872 1624 922 1697 qui
942 1624 973 1682 in
988 1624 1116 1684 caelando
1139 1621 1310 1684 aurichalco
1325 1622 1353 1676 et

174 1731 202 1794 in
226 1733 289 1794 arie
311 1725 420 1792 lusoria
445 1727 520 1790 haud
540 1726 624 1788 isaiio
646 1743 745 1800 parem
766 1727 795 1787 in
820 1726 973 1788 Germania
992 1727 1102 1790 habere
1124 1730 1254 1800 dicitur,
1277 1721 1350 1797 apud

174 1847 258 1910 quem
281 1831 459 1894 ecclesiastes
480 1830 596 1907 quidam
616 1831 645 1890 in
667 1829 861 1906 Memmingeu
878 1833 1006 1892 Joannas
1020 1833 1182 1916 'Hummeln
1206 1832 1302 1892 dictus
1323 1828 1350 1885 in

174 1934 383 2002 usnmcoeseris
400 1935 540 2012 horologii
555 1936 668 1996 thecam
684 1953 720 1996 ex
735 1938 896 1998 aurichnloo
911 1936 1100 2012 deargentato
1115 1946 1147 1998 et
1162 1939 1293 2011 dmuper
1307 1934 1347 1992 in·

173 2049 276 2106 aurato
291 2057 354 2104 enm
370 2041 460 2118 siguis
476 2041 650 2116 ooeiestibus,
666 2055 752 2102 cursu
768 2044 901 2118 siderum,
918 2045 1077 2118 digestione
1090 2046 1289 2118 planetarum,
1305 2053 1348 2098 re·

175 2145 320 2210 volutione
343 2146 408 2208 noell
432 2155 461 2210 et
485 2147 580 2208 neseio
605 2146 708 2220 quibus
733 2165 791 2208 non
813 2149 887 2209 notis
902 2149 1028 2223 undique
1042 2148 1121 2209 foras
1135 2152 1273 2210 ommium
1288 2143 1347 2204 flori

174 2257 319 2330 procurat,
337 2253 416 2328 cidus
432 2251 526 2328 operis
541 2255 652 2327 partem
668 2252 794 2327 aliquem
809 2253 938 2314 vidimus.
972 2254 1086 2314 Dicitur
1100 2261 1199 2319 autem
1213 2254 1347 2314 numne

174 2353 228 2418 lini
244 2355 291 2420 iile
307 2357 379 2420 adeo
394 2373 501 2436 gnarus
516 2357 559 2418 rei
574 2359 771 2420 astronomicae
787 2365 817 2419 ct
830 2359 973 2434 mathesis,
989 2366 1022 2418 nt
1034 2362 1098 2436 ipsc
1112 2361 1231 2437 Apianc
1246 2357 1346 2418 cedere

174 2477 231 2526 non
246 2461 387 2528 rideatur.
412 2461 521 2524 lisdem
536 2461 744 2538 Milahiingium
758 2464 796 2525 ad
811 2465 910 2524 ducem
919 2465 1081 2540 Ernestum,
1097 2467 1121 2525 si
1134 2465 1212 2528 forte
1226 2462 1345 2533 resono
1454 2442 1455 2492 Ὗ

174 2565 266 2644 riurei,
283 2567 417 2630 misimur.
442 2567 499 2630 Sed
514 2567 537 2628 ir
554 2567 624 2629 nihii
639 2571 769 2644 responsi
783 2569 815 2630 id
829 2572 966 2646 temporis
981 2570 1087 2630 retulit.

265 2671 413 2748 Quoniam,
437 2689 544 2734 summe
565 2680 594 2734 et
614 2675 787 2751 sempiterna
810 2675 880 2735 deus
900 2675 988 2734 oculis
1004 2676 1061 2734 tuis
1076 2676 1148 2734 nihil
1163 2681 1210 2734 cst
1225 2673 1343 2736 abscon·
1455 2657 1457 2724 Ὗ

175 2774 263 2841 ditum
280 2783 310 2840 et
323 2777 425 2840 millies
440 2779 540 2840 melius
556 2795 590 2840 ac
612 2780 692 2842 nobis
713 2781 783 2856 ipsis
799 2785 914 2840 cunctas
929 2780 1113 2840 necessitates
1128 2787 1246 2842 neumas
1261 2775 1344 2846 nosti,

175 2883 317 2943 incuruis
340 2881 563 2944 misericorditer
581 2885 666 2958 juxta
688 2886 896 2958 beneplacitum
920 2886 1023 2946 divinos
1042 2887 1197 2946 voluntatis
1213 2892 1272 2947 tua
1287 2880 1342 2940 dis·

176 3001 259 3062 poue,
276 2985 328 3045 tibi
344 2987 418 3046 enim
433 2985 487 3045 soli
501 3001 566 3048 cum
582 2989 710 3063 ecclesia,
734 2989 771 3049 ab
792 2994 910 3066 antiquo
930 2991 1050 3054 fidentes
1064 2991 1165 3051 merito
1181 2996 1212 3051 et
1226 2985 1343 3065 promis
1458 2977 1459 2982 ’

175 3087 301 3151 tionibus
317 3085 368 3150 iiiii
383 3089 425 3150 tui
440 3087 624 3164 dilectissimi,
651 3090 756 3152 domini
771 3098 926 3156 servatoris
941 3097 1032 3158 nostri
1045 3096 1117 3156 Jesu
1132 3096 1249 3169 Christi,
1265 3089 1340 3152 cani·
1460 3091 1461 3094 ’

176 3207 246 3256 mus.
271 3191 384 3254 Exnudi
400 3209 452 3254 nos
468 3191 538 3254 deus
554 3193 688 3256 salutaris
704 3203 802 3258 noster
817 3205 847 3260 et
861 3202 1003 3276 propitius
1019 3207 1081 3261 esto
1096 3194 1342 3276 peccatisnostris
1458 3225 1459 3232 ἒ

173 3301 292 3376 propter
308 3311 411 3360 nomon
430 3305 560 3360 sanetum
574 3303 663 3364 tuum
701 3301 817 3364 Exaudi
831 3321 892 3380 nos,
907 3307 1032 3382 inquam,
1058 3307 1212 3380 injustitia
1227 3312 1288 3379 tua,
1311 3302 1341 3358 ut
1459 3327 1460 3374 i

174 3403 223 3466 uui
239 3403 345 3466 nomini
361 3407 409 3466 iuo
425 3403 462 3468 rit
476 3405 577 3482 gloria.
598 3404 678 3481 Rege
693 3423 746 3468 nos
761 3411 865 3484 spiritu
878 3418 977 3472 saneto
991 3419 1051 3487 tuo,
1064 3430 1101 3472 nc
1116 3428 1286 3486 proruamus
1305 3402 1340 3468 ad

174 3509 321 3576 dexteram
337 3527 430 3590 neque
446 3512 484 3575 ad
500 3513 644 3576 sinisiram
661 3513 837 3590 dilabamur,
854 3517 904 3576 aad
919 3515 956 3574 ed
972 3533 1099 3576 normam
1114 3524 1172 3577 tna
1185 3512 1338 3578 ieiunatis

173 3616 269 3680 omnia
284 3624 382 3680 nostra
397 3619 591 3694 instituamus,
619 3635 672 3696 per
688 3619 809 3682 eundem
832 3620 977 3682 dominum
996 3629 1125 3684 nostrum
1144 3624 1244 3684 Jcsum
1259 3619 1336 3682 Giri-

174 3721 259 3793 ttum,
276 3735 339 3780 oum
355 3735 411 3796 qno
426 3723 478 3784 tibi
494 3729 523 3786 at
537 3739 559 3784 s.
577 3725 680 3800 spiritu
695 3727 734 3786 sit
748 3727 909 3788 benedictio
925 3729 988 3789 laus
1003 3733 1033 3788 et
1046 3729 1218 3802 sempiterna
1233 3726 1336 3804 gratia

172 3833 234 3882 rum
250 3823 334 3886 actia
357 3823 457 3886 Amen.

263 3927 311 4004 xiii
329 3927 400 4002 Muli
416 3944 500 4002 (ruant
517 3929 744 3996 Oitristianormn
760 3937 862 4011 vulgus
877 3936 1046 3997 dominicam
1060 3938 1175 3998 Exaudi
1195 3944 1286 4012 vocat,
1308 3935 1337 3996 in

175 4029 236 4096 nde
250 4031 389 4096 Mauritio
408 4048 493 4096 satra
514 4035 604 4097 lactor
626 4053 678 4112 pro
699 4040 819 4102 umbone
839 4047 926 4117 caput
948 4045 988 4102 14
1003 4041 1136 4104 Matthaei
1159 4043 1335 4119 evangeliste

173 4137 259 4214 lauit,
283 4143 312 4202 at
335 4143 456 4216 autera,
477 4155 542 4216 quae
564 4143 670 4217 scriptu
694 4147 888 4220 pronunciare
902 4147 926 4205 is
949 4147 1030 4206 solet
1069 4147 1258 4224 Wuligangns
1272 4157 1335 4207 vero

174 4239 320 4306 Musonius
331 4259 366 4306 ex
376 4261 437 4320 cop.
448 4247 487 4308 ld
497 4245 619 4308 ioannis
634 4247 695 4308 irase
710 4249 798 4310 verbu
812 4253 974 4326 proposuit:
993 4255 1071 4313 «Vos
1083 4255 1143 4327 jam
1158 4255 1257 4316 muudi
1271 4250 1334 4337 eriis
1458 4258 1459 4275 ¹

175 4349 294 4424 proptu
309 4348 435 4426 verbum,
452 4351 529 4426 quod
542 4352 726 4416 locutussum
738 4352 951 4430 vobianensis
964 4358 994 4416 in
1008 4373 1053 4418 ms
1067 4365 1098 4419 et
1112 4375 1167 4433 ego
1182 4362 1213 4420 in
1227 4359 1331 4421 rolin.»
