3028 4894
715 313 764 380 *il

154 513 232 560 cere.
271 496 330 558 Sed
350 497 465 558 inimica
487 495 639 556 exanimo
661 495 698 556 ob
721 495 865 558 Christum
887 497 1044 575 ignaviam,
1067 500 1215 578 hocopus
1237 508 1282 564 est
1301 509 1331 564 et

152 618 225 666 vere
239 603 346 664 bonnm
362 608 392 664 et
406 603 469 662 Deo
485 617 598 676 nmque
615 607 771 675 acceptum.
803 603 870 662 Non
891 610 937 662 est
955 606 1031 664 enim
1051 607 1144 666 cultus
1163 607 1220 668 Dei
1238 608 1330 690 solum

153 709 187 767 in
201 708 309 784 templo
323 723 396 782 esse,
420 707 525 768 ibidem
540 722 625 766 orare
641 722 675 766 ac
695 723 762 766 mox
776 723 794 768 a
809 708 908 784 sacris,
930 710 1067 784 quioquid
1085 713 1115 770 in
1135 719 1260 772 mentem
1280 730 1328 774 ve·

155 815 243 888 uerit,
265 818 446 888 perpetrare,
470 812 624 886 qnesijem
638 827 728 884 penso
742 813 899 887 persoluto,
924 830 1102 890 quaecunque
1116 816 1213 892 libeat,
1233 817 1329 880 lacera

154 919 256 992 liceat,
280 919 354 977 sicut
367 917 464 976 iudaei
479 916 650 975 clamabant:
675 917 825 991 Templum
839 917 954 994 domini,
975 922 1113 994 templum
1128 921 1242 996 domini,
1259 929 1329 984 tem·

151 1023 236 1098 plum
257 1021 372 1096 domini,
395 1038 459 1082 cum
472 1021 552 1080 Deus
571 1020 628 1080 ista
642 1035 701 1079 non
715 1021 852 1096 exigeret,
875 1023 1009 1084 minitans
1029 1030 1058 1084 et
1072 1032 1185 1086 terrens
1200 1028 1328 1101 exemplo

152 1126 260 1200 dirutae
275 1126 367 1186 Siloes
383 1132 436 1185 eto.
473 1124 603 1184 Adduxit
622 1141 735 1207 quoqne
757 1125 785 1183 d.
806 1126 908 1186 Jacobi
929 1130 1052 1203 apostoli
1070 1132 1164 1190 locum
1182 1131 1285 1192 Jacobi
1300 1132 1327 1192 I:

150 1229 269 1304 Religio
288 1245 363 1304 pura
382 1235 412 1288 et
432 1229 614 1290 immaculata
634 1228 713 1304 apud
735 1227 828 1290 Deum
849 1236 880 1290 et
900 1235 1014 1304 petrem
1033 1236 1095 1294 baso
1117 1241 1173 1310 est,
1205 1239 1327 1298 invisere

149 1333 301 1410 orphanos
316 1337 346 1392 et
359 1333 461 1394 viduas
475 1335 506 1392 in
520 1330 676 1394 afflictione
689 1350 750 1408 sna,
773 1335 985 1396 immaculatum
1003 1355 1034 1398 se
1054 1340 1147 1413 ipsum
1162 1357 1277 1401 servare
1292 1341 1327 1402 de

150 1439 271 1500 mundo.
310 1439 378 1500 Non
399 1441 438 1513 is,
463 1440 518 1513 ait,
542 1438 636 1498 cultus
658 1437 721 1498 Deo
743 1439 860 1512 placens
881 1445 938 1514 est,
963 1443 1089 1515 quotidie
1110 1444 1190 1504 adire
1209 1446 1325 1521 templa,

151 1544 285 1620 quotidie
300 1559 389 1604 marae
411 1545 539 1603 concioni
559 1544 713 1617 interesse,
739 1549 768 1602 et
787 1560 854 1604 mox
874 1543 955 1606 finita
977 1549 1115 1608 concione
1135 1549 1227 1609 auditi
1247 1549 1327 1610 verbi

151 1665 209 1710 nec
222 1648 356 1710 habuisse
372 1649 522 1723 rationem,
538 1665 591 1710 neo
605 1650 775 1708 meminisse.
809 1648 868 1709 Sed
881 1665 951 1708 vera
965 1650 1068 1724 religio
1083 1653 1113 1710 in
1127 1651 1184 1712 fide
1198 1654 1228 1713 in
1245 1653 1326 1714 cbri-

150 1760 241 1828 stum,
256 1756 288 1812 in
303 1754 467 1813 innocentia
481 1753 548 1812 nte
564 1758 593 1813 et
608 1755 729 1813 caritate
744 1755 774 1812 in
788 1755 948 1828 proximum
962 1756 1101 1844 consistit.
1124 1755 1206 1819 Dixit
1220 1766 1325 1835 autern,

149 1858 278 1918 Paulum
297 1873 356 1917 non
369 1859 462 1918 solum
477 1857 582 1918 dixisse
601 1858 814 1933 «benedicum,
843 1859 895 1918 sed
910 1859 1028 1936 insuper
1042 1860 1224 1935 prohibuisse
1238 1865 1325 1926 mele·

148 1964 259 2024 dicere
298 1963 390 2036 Quam
404 1962 434 2023 id
448 1979 511 2023 sevo
530 1968 630 2024 nostro
649 1963 736 2023 moris
751 1964 802 2036 sit,
826 1981 887 2024 rem
906 1965 997 2038 ipsam
1015 1966 1126 2025 testari.
1157 1967 1232 2026 Nam
1247 1971 1326 2030 ocius

147 2069 180 2128 in
197 2067 280 2128 nobis
294 2067 479 2153 rebellantem
494 2069 690 2132 execrationes
710 2073 739 2128 et
758 2068 971 2130 maledictiones
990 2083 1043 2130 nos
1061 2074 1201 2147 torqueri,
1224 2074 1325 2150 inquit.

149 2175 183 2236 si
201 2173 260 2243 ullo
274 2177 404 2246 tempore
418 2173 480 2232 haec
495 2171 591 2232 Christ
612 2173 742 2234 doarina
759 2174 854 2234 locum
873 2174 981 2250 babuit,
1005 2193 1081 2236 nunc
1100 2195 1185 2252 quam
1204 2183 1326 2242 mamone

148 2278 235 2354 apud
247 2278 409 2346 noslocum
422 2276 529 2336 babere
545 2277 638 2338 debet.
668 2278 744 2339 Nem
762 2293 826 2336 cnm
846 2293 897 2336 nos
917 2279 948 2336 in
968 2279 1030 2338 hec
1043 2282 1177 2344 incidisse
1196 2291 1327 2361 tempora

149 2381 418 2456 animadvertimus,
442 2383 596 2457 cogitemus
610 2382 703 2442 Deum
719 2384 802 2442 nobis
822 2383 884 2441 baec
902 2383 1064 2458 immisisse,
1088 2391 1121 2444 ut
1141 2403 1193 2446 nos
1212 2389 1325 2462 probet,

150 2489 230 2548 sicut
244 2493 396 2562 argentum
409 2488 477 2561 igne
490 2488 639 2561 probatur.
668 2486 744 2561 darn,
768 2485 840 2560 iniit,
863 2488 949 2561 longo
969 2494 1097 2562 tempore
1117 2491 1236 2551 verbum
1255 2491 1326 2554 divi·

149 2607 223 2652 num
237 2591 398 2658 audivimus
413 2596 443 2650 et
457 2591 502 2668 (ut
521 2593 562 2652 ita
581 2588 697 2666 loquar)
719 2593 750 2650 in
771 2590 875 2650 scholis
893 2592 1007 2662 litterm
1029 2593 1226 2668 addidicimus,
1250 2611 1326 2658 nunc

150 2697 330 2774 preceptori
343 2693 492 2755 reddenda
507 2697 564 2756 erit
583 2698 681 2770 lectio,
705 2701 738 2754 ιιι
756 2695 851 2768 palam
869 2692 934 2770 fiat,
958 2695 1028 2769 qnid
1046 2699 1190 2758 memorias
1210 2699 1326 2760 haeserit

151 2808 209 2866 etc.
240 2800 327 2860 Certe
342 2815 378 2860 ex
392 2805 495 2862 natura
510 2806 610 2862 nostm
628 2800 699 2860 nibil
718 2815 877 2876 possumus,
902 2816 954 2860 nec
972 2806 1085 2874 egomet
1098 2802 1160 2876 ipse
1174 2804 1325 2877 quicquam

151 2906 247 2968 valeo.
278 2905 335 2966 Sed
353 2905 420 2965 licet
439 2905 578 2966 hacmnus
597 2904 851 2979 nibilieoerimus,
876 2905 1057 2966 emendemus
1079 2907 1165 2966 medo
1185 2909 1273 2968 vitam
1295 2913 1326 2970 ot

151 3011 241 3072 bodie
260 3015 372 3072 matura
391 3011 485 3072 adbuc
504 3012 573 3070 satis
593 3016 638 3070 est
656 3017 710 3070 eto.
746 3010 868 3069 Orantes
888 3010 1047 3086 dominnm,
1070 3016 1104 3070 ut
1121 3012 1204 3072 nobis
1224 3013 1324 3090 largiri

152 3118 301 3190 dignetur,
325 3131 382 3190 quo
400 3115 541 3176 discems
561 3114 730 3175 benedicere
749 3115 982 3184 maledicentibus
1002 3116 1083 3175 nobis
1105 3123 1134 3176 et
1155 3117 1325 3180 benefacere
1397 3111 1400 3120 ⁴

152 3220 393 3296 persequentibus
408 3236 474 3294 nos,
497 3221 585 3294 idque
599 3221 636 3278 ob
652 3219 805 3278 Christum.
836 3220 937 3279 Amen.

202 3389 206 3394 ¹
243 3323 271 3382 A
292 3325 429 3384 concione
448 3340 500 3384 nos
518 3324 703 3386 Atrebatensi
722 3324 908 3384 exhibuimus.
945 3323 1000 3396 Qui
1020 3339 1083 3382 oum
1098 3325 1233 3406 ,cubiculo
1257 3339 1323 3408 pro·

153 3429 239 3503 diret,
249 3428 524 3503 conspectoEubnlo
538 3430 590 3488 ait:
610 3429 708 3489 «Nihil
717 3431 810 3488 adhuc
817 3430 971 3502 allegatum
980 3430 1054 3484 est«
1078 3427 1143 3486 Hac
1156 3428 1250 3508 nubea
1266 3426 1322 3490 offa

153 3550 207 3595 nos
228 3538 342 3607 saturos
363 3533 443 3594 abire
465 3533 601 3608 oportuit.
640 3533 753 3592 Deinde
774 3533 959 3590 salutavimus
979 3530 1109 3588 comitem
1131 3529 1323 3606 wilhelmum,

140 3654 277 3712 „cumque
292 3639 509 3711 etjentaculum
523 3639 702 3713 sumpsimus.
733 3637 762 3694 Is
782 3637 835 3694 ait:
859 3633 1048 3714 dunctatioue
1066 3632 1120 3692 bac
1140 3650 1212 3710 opus
1231 3639 1276 3696 est
1295 3641 1325 3703 et

143 3744 286 3819 ‚exemplo
299 3741 392 3802 viduae
407 3743 483 3800 illins
498 3743 670 3816 evangelica
684 3740 844 3816 improbum
859 3738 985 3813 Jndicem
1004 3738 1220 3814 importunitate
1241 3740 1325 3804 obrui

156 3827 278 3923 oportet.
310 3846 443 3921 Cepimus
459 3845 575 3920 quidem
593 3847 742 3906 consilinm
757 3844 793 3906 de
813 3844 1029 3922 supplicatione,
1053 3842 1105 3902 sed
1123 3859 1171 3904 res
1188 3833 1324 3931 eventum

144 3953 258 4022 cordia
273 3968 332 4012 non
347 3955 404 4024 est,
427 3951 495 4010 licet
509 3951 642 4011 Liberius
658 3951 804 4028 quippiam
819 3949 1028 4024 conscripserit.

243 4035 364 4116 Interim
377 4055 449 4116 illud
462 4072 514 4131 per
529 4054 710 4132 veredarium
723 4056 843 4117 Romam
862 4053 1019 4128 cursitavit.
1043 4053 1124 4112 Duas
1139 4054 1280 4134 sessiones
1294 4054 1324 4114 in

156 4161 326 4222 musistorio
340 4159 450 4220 babuit.
479 4160 594 4222 Interea
609 4161 745 4236 temporis
760 4160 842 4222 nobis
858 4159 934 4220 adsit
947 4157 1087 4218 dominus.

243 4263 353 4324 Eadem
369 4263 467 4325 Caesar
481 4269 510 4324 et
529 4265 731 4328 Fordinandus
751 4265 903 4324 animulam
923 4261 1037 4336 cognati
1055 4259 1132 4336 regis
1151 4275 1205 4342 per
1223 4263 1323 4324 missa·

157 4369 228 4434 ticos
242 4366 418 4432 memficmm
438 4370 637 4446 spurgatorio
657 4367 695 4430 ad
715 4368 820 4444 elysios
840 4382 953 4442 campos
974 4363 1163 4426 transnatare
1184 4365 1323 4442 iecerunt.

1484 4565 1488 4687 i
