3028 4894
780 301 826 372 18

217 495 368 564 menatem
381 486 558 552 Hlizabethe
570 494 600 550 et
610 488 731 550 ioannis
743 488 779 548 ds
793 488 907 548 Bruseh
920 499 1040 562 cumque
1052 485 1229 548 wendelino
1246 479 1323 544 altini
1333 497 1381 542 sno

218 595 324 656 diutius
338 594 537 658 confabulatus
557 600 601 656 est
620 590 781 682 praefectus.
813 591 960 656 Gloriatur
975 607 1090 667 quoqne
1104 595 1150 650 est
1163 589 1312 650 Adrianus
1324 587 1383 646 hlo-
1473 569 1474 599 ¹

217 701 364 774 guatinum
380 703 411 760 in
425 701 581 762 crastinum
596 714 679 760 sacra
694 699 844 760 missarum
859 699 989 759 solennia
1003 698 1034 757 in
1048 697 1207 772 prasentia
1223 691 1343 754 Gesseris
1357 695 1382 749 et

217 807 294 880 regis
301 807 494 866 Rornanorum
501 803 713 866 celebraturum
723 819 826 878 magno
838 803 1042 879 papistioornm
1053 801 1266 862 missaticornm
1278 797 1382 856 solatio.
1474 865 1475 876 χ

184 920 188 930 ’
304 909 413 970 Eadem
428 910 573 970 docerem
588 910 745 970 Hsnrienm
751 909 851 968 Hasen
866 909 897 967 in
911 908 1009 983 platea
1023 909 1220 981 convenimus,
1236 904 1287 977 qni
1303 901 1344 962 ait
1356 915 1384 960 se

217 1031 335 1088 sperare
350 1015 431 1075 hreni
446 1015 517 1088 qnid
532 1015 568 1075 de
583 1031 671 1076 causa
685 1020 785 1075 nostra
800 1012 936 1074 futurum.

305 1119 340 1177 lu
354 1119 464 1179 adibus
480 1119 509 1180 S.
523 1120 630 1180 Marci:
656 1120 774 1180 «Omnis
789 1127 860 1181 etus
875 1120 912 1180 ds
926 1135 979 1179 sno
993 1123 1121 1192 tempore
1137 1119 1301 1188 conquesta
1314 1119 1381 1172 est.»

217 1223 251 1282 In
266 1222 323 1282 alio
336 1224 446 1300 lapide:
474 1224 577 1284 «Felix
592 1226 709 1285 nimium
724 1226 803 1299 prior
818 1229 918 1285 setas.»
944 1225 978 1284 ln
993 1224 1123 1297 ingressu
1138 1219 1277 1284 secundas
1298 1220 1385 1292 porto

217 1327 350 1404 Capitolii
365 1330 456 1390 leonis
470 1329 579 1406 effigies
595 1331 720 1392 catulum
734 1331 790 1392 sihi
804 1329 962 1402 subjectam
980 1327 1043 1388 miti
1057 1327 1139 1388 vultu
1160 1325 1304 1386 intuentis
1325 1336 1386 1380 cnm

216 1433 261 1493 his
275 1435 418 1494 versibus:

460 1535 545 1588 Iratus
563 1537 651 1588 recole
670 1534 739 1622 qaod
755 1535 853 1588 nobilis
872 1535 912 1585 ira
929 1533 1014 1586 leonis

498 1626 527 1676 ln
549 1624 601 1676 sibi
622 1631 765 1691 prostratos
784 1637 813 1675 se
831 1628 911 1689 negat
929 1637 988 1674 esse
1006 1621 1099 1672 serum.
1205 1679 1207 1684 Ι

305 1731 415 1792 Eadem
437 1713 569 1792 dominns
584 1733 732 1796 Masculus
752 1739 921 1810 prosecutus
943 1738 988 1794 est
1008 1738 1117 1792 textum
1140 1731 1175 1792 de
1190 1727 1384 1806 amputatione

217 1837 364 1911 palmitum
379 1842 408 1896 et
422 1839 544 1898 marimo
560 1838 595 1899 de
611 1837 772 1900 obstinatis.

305 1941 424 2017 Eadem,
441 1958 505 2016 qum
526 1949 589 2003 erat
607 1942 706 2018 vigilia
724 1944 898 2004 moensionis
913 1943 1019 2004 domim
1033 1943 1180 2002 Ditmarns
1194 1941 1299 2001 Heller
1314 1933 1382 1994 con-

217 2046 262 2107 sul
277 2064 330 2121 per
343 2047 441 2108 literas
456 2047 571 2108 nomine
585 2049 670 2108 etiam
686 2046 946 2108 Corbachianornm
968 2050 1070 2108 civium
1085 2047 1121 2108 de
1136 2047 1231 2108 salute
1247 2050 1279 2105 et
1291 2052 1383 2103 rernm

217 2158 378 2212 nostrarum
393 2159 469 2213 statu
485 2155 644 2214 sciscitatus
659 2159 712 2214 est.
740 2152 869 2213 Nuntius
891 2150 945 2213 fuit
958 2153 1128 2214 Francisons
1144 2148 1310 2212 Steinrnclr.
1331 2143 1381 2203 At·

215 2255 282 2314 tulit
295 2256 370 2316 idem
390 2258 488 2322 literas
507 2277 525 2320 a
541 2259 655 2320 domina
665 2264 778 2342 ‚matre
801 2274 891 2320 uxore
912 2264 942 2318 et
955 2258 1109 2318 sororibus.
1148 2258 1223 2334 Item
1238 2274 1257 2318 a
1272 2255 1382 2314 dosunt

217 2359 352 2422 Galeotae
368 2369 398 2424 et
410 2364 578 2426 Hermanno
592 2363 705 2426 Nellsn.

304 2469 414 2528 Eadem
429 2469 471 2528 hl.
487 2447 657 2532 wilhelmus
671 2469 843 2530 secretarius
859 2468 1006 2530 wilhelmi
1028 2469 1137 2528 comitis
1153 2468 1294 2555 seriptum
1308 2477 1379 2522 com·

216 2576 349 2649 promissi
362 2576 438 2636 inter
450 2574 647 2637 Coloniensem
662 2582 693 2637 et
706 2591 767 2651 nos,
783 2582 817 2636 nt
830 2577 899 2650 ipsis
915 2576 1074 2651 placuerat,
1091 2576 1219 2636 dolatum
1234 2555 1380 2634 et‘eonfir·

215 2688 323 2741 metum
338 2681 420 2741 nobis
434 2681 562 2741 tradidit.
586 2681 691 2742 Socrus
706 2686 736 2740 et
751 2696 875 2741 noverca
889 2679 1014 2740 Eilhnsii
1028 2697 1086 2740 aua
1106 2678 1231 2740 fuerunt.

304 2787 416 2848 lndicta
437 2791 481 2846 est
502 2787 580 2847 dieta
600 2787 631 2846 in
645 2787 813 2846 Wimariam
835 2787 865 2846 in
883 2801 971 2846 cansa
992 2784 1067 2867 dotis
1081 2784 1119 2850 ad
1134 2785 1210 2844 diem
1225 2786 1303 2845 lune
1317 2779 1381 2856 post

217 2889 366 2950 Trinitatis
388 2893 457 2952 anni
477 2892 562 2965 hnjnus
587 2893 680 2950 1548.
711 2890 848 2952 Habitum
868 2897 897 2950 et
919 2907 1005 2965 snper
1019 2892 1075 2952 hoc
1089 2891 1238 2952 consilium
1253 2892 1300 2950 est
1320 2895 1381 2944 cum

219 2991 345 3052 Liborio.

303 3114 324 3156 x
337 3097 424 3172 Mari,
453 3112 517 3171 quse
539 3103 604 3157 erat
622 3097 720 3173 vigilie
741 3099 915 3159 ascensionis
936 3101 1084 3160 dominicae
1104 3116 1201 3175 saera,
1223 3102 1253 3160 in
1276 3092 1379 3169 temll⁰

215 3201 345 3260 Mauritii
360 3201 491 3276 praelegit
505 3202 595 3262 lector
609 3202 751 3276 reliquum
766 3203 867 3278 capitis
885 3208 924 3264 13
941 3205 1082 3266 Matthaei.
1128 3205 1239 3265 Deinde
1254 3203 1283 3264 d
1300 3201 1378 3264 Mus·

216 3307 296 3366 cules
316 3307 465 3368 historiam
485 3308 660 3368 ascensionis
681 3306 830 3366 dominicae
853 3325 888 3369 ex
908 3310 1002 3384 capite
1016 3309 1116 3370 ultimo
1137 3309 1232 3370 Marci
1255 3318 1377 3378 evange·

214 3412 298 3488 lisiae,
315 3414 424 3474 scilicet
438 3430 474 3474 ex
488 3411 669 3488 paragrapho
684 3412 785 3472 ultimo
800 3415 955 3474 contexuit.
990 3414 1088 3474 Verba
1107 3421 1204 3476 entem
1217 3415 1280 3474 hac
1296 3413 1376 3474 sunt:

214 3519 316 3594 Itaque
326 3521 457 3582 dondnns
472 3520 595 3595 quidem,
605 3518 876 3595 postquamlocntus
890 3517 992 3580 fuisset
1006 3521 1056 3593 eis,
1072 3525 1204 3594 receptus
1220 3525 1264 3580 est
1277 3520 1309 3579 in
1322 3529 1379 3590 coe·

214 3625 273 3682 lum
293 3630 322 3684 et
341 3626 469 3687 consedit
487 3625 524 3686 ad
546 3626 693 3686 dexteram
708 3624 774 3686 Dei.
814 3624 860 3684 Illi
874 3639 944 3684 vero
966 3624 1074 3698 egressi
1088 3625 1317 3698 predicaverunt
1331 3620 1377 3680 do

214 3729 291 3787 mino
307 3734 481 3803 cooperante
495 3731 602 3804 ubique
616 3737 645 3790 et
659 3746 819 3792 sermonem
834 3727 1020 3790 mnfirmaute
1041 3745 1094 3804 per
1108 3730 1191 3806 signe
1206 3730 1376 3802 subsequen·

214 3830 256 3890 tia
271 3835 324 3890 eto.
349 3830 490 3891 Praefatae
505 3834 593 3908 igitur
607 3835 764 3911 diusculae,
781 3851 868 3910 qnam
887 3834 965 3894 dives
980 3833 1018 3894 sit
1031 3834 1078 3894 hic
1092 3838 1196 3909 textus,
1214 3834 1271 3894 duo
1285 3839 1377 3893 tamen

215 3933 393 4006 potissimum
406 3935 437 3992 in
452 3950 486 3994 eo
502 3935 691 3997 observabilis
705 3955 768 4000 esse
784 3941 864 4001 dixit.
887 3941 1046 4001 Historiam
1060 3941 1193 4002 videlicet
1207 3937 1377 4002 acensiouis

215 4039 362 4099 dominica
378 4043 408 4098 et
421 4054 503 4098 nsum
518 4041 579 4113 ejus
595 4056 659 4100 cnm
672 4041 777 4104 fructu.
810 4045 858 4105 De
872 4047 966 4120 prima
985 4051 1067 4119 parte
1082 4044 1237 4120 disserens,
1260 4046 1376 4106 alteram

214 4144 426 4204 inconcinnam
446 4146 640 4219 vespertinam
658 4162 818 4208 reservans.
863 4150 899 4208 In
919 4149 1040 4210 historia
1062 4165 1131 4210 vero
1151 4149 1214 4210 haeo
1234 4144 1378 4210 observari

211 4247 305 4323 jussit
342 4249 498 4309 Veritatem
523 4250 697 4310 ascensionis
713 4249 827 4326 donnini,
851 4251 902 4312 ubi
915 4252 1045 4314 dominus
1059 4254 1231 4328 ascenderit,
1255 4250 1375 4328 quando,

215 4351 371 4428 quomado,
391 4370 448 4430 qno
468 4355 596 4420 sublatus
618 4362 648 4417 et
667 4371 731 4434 qua
750 4356 832 4419 nohis
851 4356 918 4420 inde
940 4359 1050 4420 utilitas
1069 4360 1207 4421 evenerit
1243 4356 1377 4436 neena
