3000 4904
784 339 852 408 aad

231 523 330 586 babet:
346 523 381 584 V.
393 521 512 585 D.ll.l.
523 523 585 584 ΔΕ.
608 523 797 599 Evangelium
811 524 915 584 loann.
931 523 1113 584 amVierten.
1136 525 1207 584 Item
1221 522 1276 582 alia
1288 521 1378 595 pegim

232 631 313 704 ouius
328 629 452 690 initium:
468 629 545 692 Daca
560 629 748 704 Evangelium
762 629 887 690 Matthei
902 646 949 689 am
962 628 1082 691 funlten.
1120 629 1287 690 observavit
1298 631 1378 686 anton

231 737 355 812 optimus
368 738 503 811 princepe
523 752 639 812 scopum
660 735 855 796 concionantis
876 741 906 794 et
919 735 1076 798 sermatiae
1096 734 1265 794 celebriores
1279 733 1378 791 astens-

230 843 271 901 ois
286 843 405 902 notavit.
428 844 504 902 Vere
518 843 565 902 hic
579 843 714 918 princeps
729 843 814 914 juxta
826 842 1028 915 prescriptum
1042 839 1149 900 domini
1162 839 1267 898 librum
1279 837 1344 911 legis
1357 843 1380 895 et

230 946 370 1020 evangelii
394 963 455 1020 pres
480 947 570 1006 oculis
589 945 706 1018 habuit,
731 950 820 1006 nomn
844 946 950 1020 diuque
971 947 1001 1005 in
1023 947 1073 1006 illo
1097 951 1243 1019 versatus,
1268 941 1381 1002 omnibus
1458 1025 1459 1030 γ

231 1050 393 1110 christianis
408 1052 633 1126 exprincipibus
648 1053 749 1112 meritc
764 1050 901 1112 imitabile
910 1051 1068 1124 exemplum
1076 1050 1251 1123 relinquens.
1271 1049 1382 1107 buerant
1458 1049 1459 1076 ¹

230 1159 326 1214 autem
340 1156 441 1216 harum
455 1157 626 1218 tabellarum
638 1157 807 1232 complmes,
823 1171 888 1230 quoe
898 1157 929 1214 in
944 1155 1059 1215 modum
1070 1153 1186 1214 fornicis
1200 1154 1247 1215 vel
1260 1151 1381 1212 hernicicli

226 1257 376 1333 msposicoe
391 1258 514 1338 luerunt,
540 1264 571 1322 in
586 1262 687 1336 quibus
703 1261 833 1321 omnibus
848 1262 1000 1322 conciones
1014 1265 1174 1336 exceperat,
1199 1259 1316 1334 singulis
1329 1272 1382 1314 con·

230 1365 358 1426 tionibus
373 1382 463 1428 noves
477 1367 593 1428 tabulas
608 1367 755 1428 exhibens.
793 1365 859 1424 Heu
873 1364 947 1439 proh
962 1364 1045 1426 dolor
1060 1381 1225 1439 quanquam
1241 1381 1297 1438 pax
1309 1360 1383 1421 fuerit

229 1474 260 1529 et
273 1471 413 1532 securitas
427 1473 458 1532 in
472 1471 572 1536 diebus
588 1474 665 1548 ojus,
688 1477 785 1532 umen
805 1470 896 1530 bostis
918 1474 1057 1544 regnante
1071 1467 1130 1529 filio
1145 1472 1207 1545 ejus
1224 1470 1315 1530 omnia
1327 1481 1381 1542 pre-

230 1573 307 1634 ciosa
321 1580 463 1638 scrutatus
478 1585 531 1639 est.
556 1577 613 1640 Sed
627 1593 693 1653 spes
708 1576 785 1638 bona
799 1578 939 1649 superest,
956 1571 1081 1634 nondum
1097 1573 1266 1635 abbreviata
1281 1577 1322 1634 est
1334 1588 1382 1630 ma·

229 1694 283 1738 nus
298 1675 421 1754 donnini,¹
430 1682 501 1743 vivit
515 1688 545 1743 et
558 1687 699 1759 superest,
715 1682 806 1743 velint
819 1678 911 1739 nolint
925 1694 1022 1738 omnes
1037 1679 1142 1738 inimici
1163 1681 1234 1755 ejus,
1251 1680 1299 1754 qui
1311 1676 1382 1736 casti·

229 1799 301 1857 gans
316 1785 438 1860 castigat
458 1803 525 1847 suos
546 1792 643 1848 autem
666 1787 752 1846 morti
766 1785 911 1860 precipue
926 1784 1059 1844 secunde
1074 1801 1132 1844 nou
1145 1784 1250 1860 tradit,
1270 1788 1299 1843 et
1312 1797 1381 1856 quen

229 1887 345 1948 deducit
354 1888 392 1948 ad
404 1887 522 1966 interos,
537 1891 677 1954 reducere
687 1907 802 1968 quoque
813 1896 917 1966 potest.
941 1890 1096 1966 Memento,
1112 1890 1237 1966 domine,
1253 1902 1382 1949 servorun

230 1999 355 2068 tuorum,
372 1995 483 2070 respice
497 1995 599 2059 taciem
613 1997 720 2059 Christi
734 2001 786 2059 tui.
823 1997 949 2071 Exurge,
973 1996 1052 2056 solve
1066 1995 1244 2072 compeditos
1259 2001 1288 2056 et
1300 2005 1382 2054 assere

228 2099 349 2174 gloriam
369 2100 490 2162 nominis
511 2105 563 2164 tui.
607 2103 676 2177 Quis
697 2104 750 2165 tibi
773 2100 865 2162 fidens
889 2118 1014 2177 unquam
1033 2102 1150 2162 relictus
1164 2108 1219 2178 est,
1243 2120 1260 2162 o
1275 2099 1381 2168 domiue,

228 2203 298 2265 dous
313 2203 431 2267 noster?

318 2311 429 2372 Eadem
443 2311 575 2375 dominus
589 2312 725 2374 eilbertus
740 2331 776 2374 ex
791 2329 853 2389 cap.
872 2314 890 2372 5
906 2313 1043 2374 Matthei:
1065 2313 1129 2372 Nisi
1151 2311 1337 2374 abundaverit
1346 2308 1382 2380 ju·

228 2415 307 2478 stitia
320 2421 417 2478 vestra
431 2419 582 2494 plusquam
596 2403 754 2480 scribarum
764 2423 795 2478 et
808 2419 1024 2493 pharisaeorum,
1038 2435 1097 2478 non
1110 2419 1231 2492 potestis
1245 2419 1346 2476 intrare
1358 2413 1381 2469 in

231 2537 349 2598 regnum
365 2523 412 2584 dei
427 2530 481 2584 etc.
497 2541 588 2598 usque
603 2521 639 2584 ad
654 2539 719 2584 eum
733 2523 839 2583 locum:
862 2525 955 2584 Amen
968 2522 1022 2584 tibi
1037 2524 1113 2599 dico,
1129 2540 1191 2583 non
1214 2524 1306 2584 exibis
1317 2517 1379 2588 inde,

227 2626 319 2688 donec
343 2629 515 2704 persolveris
545 2635 704 2691 extremum
731 2629 934 2704 quadrantem,
966 2629 1148 2690 concionatus
1174 2634 1227 2688 est.
1267 2627 1381 2687 Perlcctu

228 2735 375 2809 evangelio
395 2741 505 2797 textum
526 2737 556 2796 in
580 2741 703 2810 quatuor
724 2736 869 2796 docuinas
888 2735 993 2796 divisit
1032 2735 1159 2794 Primum
1178 2733 1214 2793 de
1237 2729 1381 2792 differentia

223 2841 343 2913 justitiae
357 2838 425 2901 fidei
440 2847 470 2902 et
481 2843 616 2916 justitiae,
639 2858 703 2916 quae
723 2857 759 2901 ex
779 2841 843 2914 lege
863 2841 995 2915 procedit
1010 2846 1040 2900 et
1053 2838 1247 2900 involuntarie
1262 2837 1381 2914 quodnu-
1460 2873 1461 2892 t

226 2945 312 3006 modo
326 2943 360 3006 fit
374 2961 442 3021 erge
456 2946 596 3006 homines.
634 2945 747 3008 Deinde
765 2947 907 3021 quomodo
923 2945 1053 3006 Christus
1073 2945 1165 3020 legem
1185 2945 1221 3004 de
1242 2963 1299 3006 nun
1319 2941 1379 3004 occi·
1460 2957 1461 2964 ¹

226 3047 320 3108 dendo
335 3048 541 3122 interpretatus
551 3051 598 3110 sit.
621 3051 693 3110 Item
707 3050 743 3111 de
755 3051 844 3113 verbo
858 3051 966 3114 Raebe.
989 3053 1030 3112 Et
1044 3056 1148 3126 quarto
1160 3050 1238 3124 qnod
1250 3059 1381 3112 teneamur

226 3167 279 3213 nus
302 3153 489 3215 reconciliare
514 3153 606 3214 fratri.
645 3153 821 3216 Occisionem
845 3163 941 3218 autem
962 3157 1058 3231 aiebat
1081 3171 1117 3215 ex
1137 3157 1229 3217 tribus
1253 3155 1380 3219 radicibus

225 3260 313 3335 nasci,
330 3275 366 3320 ex
380 3263 482 3335 aperte
496 3261 554 3335 ira,
570 3260 657 3320 animi
671 3277 791 3322 rancore
807 3267 836 3322 et
849 3261 944 3322 verbis
959 3261 1045 3322 tacite
1059 3262 1184 3321 animum
1198 3263 1325 3323 nostrum
1337 3256 1378 3316 sti·

225 3365 398 3428 malentibus
415 3371 468 3428 etc.
491 3366 573 3426 Dixit
586 3381 698 3440 quoque
715 3367 784 3443 quid
799 3365 894 3428 fatuus
909 3368 1095 3443 inscriptura
1108 3365 1258 3444 significet,
1275 3374 1303 3428 et
1316 3359 1379 3440 quod

224 3487 278 3549 per
292 3472 391 3533 Recha
413 3487 497 3532 omne
518 3470 638 3533 verbum
659 3472 841 3532 criminosum
869 3472 1032 3533 denotetur.
1083 3472 1123 3531 Et
1140 3470 1187 3532 hie
1206 3475 1295 3534 movit
1314 3482 1378 3544 qumL

225 3578 359 3651 ationem,
380 3551 418 3638 en
433 3577 539 3638 nemini
559 3577 646 3638 liceat
660 3577 812 3651 objurgare
827 3575 947 3638 fratrem
961 3583 1012 3638 ant
1024 3577 1125 3638 Raeha
1137 3578 1180 3638 illi
1195 3579 1298 3640 dicere,
1331 3575 1377 3633 Re·

225 3681 354 3755 spondit,
377 3686 501 3754 qumuor
515 3698 624 3758 genera
636 3680 844 3742 hominum'hic
858 3682 964 3758 excipi,
981 3682 1083 3755 quibus
1096 3681 1195 3743 liceat:
1214 3673 1379 3759 magismtui

225 3783 425 3857 secmarijure
444 3789 473 3844 et
487 3785 583 3860 gladio
603 3765 663 3847 sibi'
677 3789 841 3860 commisso,
865 3787 1037 3849 ecclesiastis
1059 3804 1111 3864 per
1131 3789 1266 3864 verbum,
1288 3795 1377 3862 paren·

224 3888 300 3948 tibus
315 3891 344 3948 et
360 3886 482 3947 dominis
496 3890 527 3948 in
539 3890 644 3953 liberos
656 3897 686 3952 et
696 3907 795 3952 servos
815 3897 845 3952 et
853 3892 1060 3968 ludimagistris
1077 3892 1137 3952 suis
1148 3891 1263 3954 finibus.
1286 3893 1378 3952 Tamen

223 3993 297 4053 iram
312 3998 341 4054 et
354 3995 448 4056 verba·
457 3995 521 4054 bec
534 3996 764 4071 circumscripsit,
781 4013 817 4057 ne
832 4014 868 4057 ex
880 3998 968 4058 animi
981 3999 1098 4072 proprio
1112 4004 1200 4074 motu,
1217 3999 1269 4058 sed
1282 4012 1315 4056 ex
1327 3989 1377 4050 zelo

224 4097 299 4157 bono
314 4105 344 4159 et
354 4101 439 4175 juxta
452 4101 632 4162 vocatiouem
646 4101 738 4162 fieret.
776 4103 933 4165 Admonuit
951 4104 1081 4179 insuper,
1105 4110 1139 4165 nt
1153 4105 1178 4164 si
1197 4104 1234 4164 ab
1252 4095 1377 4174 aliquibus

222 4201 376 4275 aliquando
390 4206 452 4267 lesi
467 4223 520 4268 nos
534 4208 573 4269 ad
587 4206 828 4268 reconciliandum
843 4222 906 4268 cnm
922 4209 963 4268 eis
977 4206 1077 4268 faciles
1092 4209 1293 4285 praeberemus.

311 4308 421 4368 Eadem
435 4311 671 4372 consultationem
683 4313 902 4374 universitatum
914 4312 1206 4390 Wittenbergensium
1220 4318 1250 4373 et
1263 4312 1375 4385 Lypsess·

237 4407 298 4472 ium
311 4413 432 4491 legimus
452 4420 483 4479 et
496 4431 566 4482 ¹eaor
584 4417 668 4480 nobis
688 4413 1001 4482 describi'euravimus.
1037 4420 1114 4494 Hinc
1133 4417 1260 4480 timenda
1278 4412 1377 4478 videtur
