<?xml version="1.0" encoding="UTF-8"?>
<!DOCTYPE html PUBLIC "-//W3C//DTD XHTML 1.0 Transitional//EN"
    "http://www.w3.org/TR/xhtml1/DTD/xhtml1-transitional.dtd">
<html xmlns="http://www.w3.org/1999/xhtml" xml:lang="en" lang="en">
 <head>
  <title>
</title>
<meta http-equiv="Content-Type" content="text/html;charset=utf-8" />
  <meta name='ocr-system' content='tesseract 3.04.00' />
  <meta name='ocr-capabilities' content='ocr_page ocr_carea ocr_par ocr_line ocrx_word'/>
</head>
<body>
  <div class='ocr_page' id='page_1' title='image "./desgrafenwolrad01trosgoog_0035.png"; bbox 0 0 3028 4894; ppageno 0'>
   <div class='ocr_carea' id='block_1_1' title="bbox 738 278 781 342">
    <p class='ocr_par' dir='ltr' id='par_1_1' title="bbox 738 278 781 342">
     <span class='ocr_line' id='line_1_1' title="bbox 738 278 781 342; baseline -0.023 0"><span class='ocrx_word' id='word_1_1' title='bbox 738 278 781 342; x_wconf 79' lang='lat'><strong>22</strong></span> 
     </span>
    </p>
   </div>
   <div class='ocr_carea' id='block_1_2' title="bbox 172 461 1404 4427">
    <p class='ocr_par' dir='ltr' id='par_1_2' title="bbox 172 461 1348 1278">
     <span class='ocr_line' id='line_1_2' title="bbox 172 461 1347 538; baseline -0.003 -11"><span class='ocrx_word' id='word_1_2' title='bbox 172 472 204 527; x_wconf 89' lang='lat' dir='ltr'><strong>et</strong></span> <span class='ocrx_word' id='word_1_3' title='bbox 217 465 372 526; x_wconf 83' lang='lat' dir='ltr'><strong>commimis</strong></span> <span class='ocrx_word' id='word_1_4' title='bbox 386 462 492 523; x_wconf 88' lang='lat' dir='ltr'><strong>nostris</strong></span> <span class='ocrx_word' id='word_1_5' title='bbox 512 476 599 538; x_wconf 89' lang='lat' dir='ltr'><strong>super</strong></span> <span class='ocrx_word' id='word_1_6' title='bbox 623 475 772 522; x_wconf 91' lang='lat' dir='ltr'><strong>numerum</strong></span> <span class='ocrx_word' id='word_1_7' title='bbox 795 475 891 522; x_wconf 87' lang='lat' dir='ltr'><strong>arenae</strong></span> <span class='ocrx_word' id='word_1_8' title='bbox 905 461 993 522; x_wconf 88' lang='lat' dir='ltr'><strong>maris</strong></span> <span class='ocrx_word' id='word_1_9' title='bbox 1015 461 1211 538; x_wconf 88' lang='lat' dir='ltr'><strong>multiplicatis</strong></span> <span class='ocrx_word' id='word_1_10' title='bbox 1233 477 1267 523; x_wconf 90' lang='lat' dir='ltr'><strong>eo</strong></span> <span class='ocrx_word' id='word_1_11' title='bbox 1289 477 1347 538; x_wconf 87' lang='lat' dir='ltr'><strong>quc</strong></span> 
     </span>
     <span class='ocr_line' id='line_1_3' title="bbox 172 566 1348 647; baseline -0.005 -15"><span class='ocrx_word' id='word_1_12' title='bbox 172 572 226 632; x_wconf 92' lang='lat' dir='ltr'><strong>tibi</strong></span> <span class='ocrx_word' id='word_1_13' title='bbox 240 572 375 647; x_wconf 90' lang='lat' dir='ltr'><strong>placitum</strong></span> <span class='ocrx_word' id='word_1_14' title='bbox 390 575 434 629; x_wconf 86' lang='lat' dir='ltr'><strong>est</strong></span> <span class='ocrx_word' id='word_1_15' title='bbox 449 570 543 643; x_wconf 92' lang='lat' dir='ltr'><strong>modo,</strong></span> <span class='ocrx_word' id='word_1_16' title='bbox 559 581 611 629; x_wconf 88' lang='lat' dir='ltr'><strong>nos</strong></span> <span class='ocrx_word' id='word_1_17' title='bbox 627 584 730 628; x_wconf 80' lang='lat' dir='ltr'><strong>emens</strong></span> <span class='ocrx_word' id='word_1_18' title='bbox 745 573 778 625; x_wconf 91' lang='lat' dir='ltr'><strong>nt</strong></span> <span class='ocrx_word' id='word_1_19' title='bbox 793 581 857 625; x_wconf 89' lang='lat' dir='ltr'><strong>cum</strong></span> <span class='ocrx_word' id='word_1_20' title='bbox 871 566 1002 642; x_wconf 87' lang='lat' dir='ltr'><strong>patribus</strong></span> <span class='ocrx_word' id='word_1_21' title='bbox 1017 570 1122 632; x_wconf 90' lang='lat' dir='ltr'><strong>nostris</strong></span> <span class='ocrx_word' id='word_1_22' title='bbox 1138 568 1174 628; x_wconf 92' lang='lat' dir='ltr'><strong>de</strong></span> <span class='ocrx_word' id='word_1_23' title='bbox 1189 569 1281 642; x_wconf 83' lang='lat' dir='ltr'><strong>gloria</strong></span> <span class='ocrx_word' id='word_1_24' title='bbox 1296 573 1348 627; x_wconf 88' lang='lat' dir='ltr'><strong>tua</strong></span> 
     </span>
     <span class='ocr_line' id='line_1_4' title="bbox 173 671 1348 752; baseline -0.003 -16"><span class='ocrx_word' id='word_1_25' title='bbox 173 677 292 752; x_wconf 82' lang='lat' dir='ltr'><strong>gloriari</strong></span> <span class='ocrx_word' id='word_1_26' title='bbox 308 691 455 749; x_wconf 80' lang='lat' dir='ltr'><strong>queamus.</strong></span> <span class='ocrx_word' id='word_1_27' title='bbox 493 674 585 747; x_wconf 90' lang='lat' dir='ltr'><strong>quue</strong></span> <span class='ocrx_word' id='word_1_28' title='bbox 600 689 697 748; x_wconf 90' lang='lat' dir='ltr'><strong>omne,</strong></span> <span class='ocrx_word' id='word_1_29' title='bbox 718 671 921 746; x_wconf 83' lang='lat' dir='ltr'><strong>benignissime</strong></span> <span class='ocrx_word' id='word_1_30' title='bbox 935 677 1032 747; x_wconf 92' lang='lat' dir='ltr'><strong>pater,</strong></span> <span class='ocrx_word' id='word_1_31' title='bbox 1050 689 1107 746; x_wconf 92' lang='lat' dir='ltr'><strong>quc</strong></span> <span class='ocrx_word' id='word_1_32' title='bbox 1123 673 1295 732; x_wconf 91' lang='lat' dir='ltr'><strong>nominituo</strong></span> <span class='ocrx_word' id='word_1_33' title='bbox 1310 675 1348 732; x_wconf 89' lang='lat' dir='ltr'><strong>sit</strong></span> 
     </span>
     <span class='ocr_line' id='line_1_5' title="bbox 174 759 1348 857; baseline -0.006 -14"><span class='ocrx_word' id='word_1_34' title='bbox 174 759 370 857; x_wconf 86' lang='lat' dir='ltr'><strong>sempiternus</strong></span> <span class='ocrx_word' id='word_1_35' title='bbox 386 781 477 841; x_wconf 85' lang='lat' dir='ltr'>honos</span> <span class='ocrx_word' id='word_1_36' title='bbox 498 786 528 840; x_wconf 90' lang='lat' dir='ltr'><strong>et</strong></span> <span class='ocrx_word' id='word_1_37' title='bbox 549 781 657 855; x_wconf 78' lang='lat' dir='ltr'><strong>gloria,</strong></span> <span class='ocrx_word' id='word_1_38' title='bbox 681 796 717 840; x_wconf 92' lang='lat' dir='ltr'><strong>ne</strong></span> <span class='ocrx_word' id='word_1_39' title='bbox 740 777 856 852; x_wconf 82' lang='lat' dir='ltr'><strong>sanguis</strong></span> <span class='ocrx_word' id='word_1_40' title='bbox 875 777 1023 852; x_wconf 88' lang='lat' dir='ltr'><strong>preciosus</strong></span> <span class='ocrx_word' id='word_1_41' title='bbox 1043 775 1095 836; x_wconf 87' lang='lat' dir='ltr'><strong>filii</strong></span> <span class='ocrx_word' id='word_1_42' title='bbox 1113 779 1157 836; x_wconf 87' lang='lat' dir='ltr'><strong>tui</strong></span> <span class='ocrx_word' id='word_1_43' title='bbox 1177 778 1348 838; x_wconf 75' lang='lat' dir='ltr'><strong>sanctissimi</strong></span> 
     </span>
     <span class='ocr_line' id='line_1_6' title="bbox 174 881 1346 962; baseline -0.003 -14"><span class='ocrx_word' id='word_1_44' title='bbox 174 886 282 948; x_wconf 78' lang='lat' dir='ltr'><strong>frustra</strong></span> <span class='ocrx_word' id='word_1_45' title='bbox 297 903 350 962; x_wconf 90' lang='lat' dir='ltr'><strong>pro</strong></span> <span class='ocrx_word' id='word_1_46' title='bbox 365 885 449 944; x_wconf 92' lang='lat' dir='ltr'><strong>nobis</strong></span> <span class='ocrx_word' id='word_1_47' title='bbox 464 881 570 944; x_wconf 81' lang='lat' dir='ltr'><strong>effusus</strong></span> <span class='ocrx_word' id='word_1_48' title='bbox 584 886 756 944; x_wconf 89' lang='lat' dir='ltr'><strong>inveniatur.</strong></span> <span class='ocrx_word' id='word_1_49' title='bbox 780 884 896 944; x_wconf 89' lang='lat' dir='ltr'><strong>Jussisti</strong></span> <span class='ocrx_word' id='word_1_50' title='bbox 910 887 949 955; x_wconf 90' lang='lat' dir='ltr'><strong>te,</strong></span> <span class='ocrx_word' id='word_1_51' title='bbox 966 881 1073 944; x_wconf 90' lang='lat' dir='ltr'><strong>oDeus</strong></span> <span class='ocrx_word' id='word_1_52' title='bbox 1085 890 1193 958; x_wconf 89' lang='lat' dir='ltr'><strong>sancte,</strong></span> <span class='ocrx_word' id='word_1_53' title='bbox 1209 884 1346 957; x_wconf 89' lang='lat' dir='ltr'><strong>invocari,</strong></span> 
     </span>
     <span class='ocr_line' id='line_1_7' title="bbox 173 987 1347 1067; baseline -0.007 -14"><span class='ocrx_word' id='word_1_54' title='bbox 173 992 337 1067; x_wconf 83' lang='lat' dir='ltr'><strong>repromisit</strong></span> <span class='ocrx_word' id='word_1_55' title='bbox 351 1006 465 1064; x_wconf 89' lang='lat' dir='ltr'><strong>quoque</strong></span> <span class='ocrx_word' id='word_1_56' title='bbox 480 990 610 1050; x_wconf 91' lang='lat' dir='ltr'><strong>dominns</strong></span> <span class='ocrx_word' id='word_1_57' title='bbox 625 989 644 1050; x_wconf 86' lang='lat' dir='ltr'>J</span> <span class='ocrx_word' id='word_1_58' title='bbox 646 1006 711 1049; x_wconf 90' lang='lat' dir='ltr'><strong>esus</strong></span> <span class='ocrx_word' id='word_1_59' title='bbox 726 995 755 1048; x_wconf 89' lang='lat' dir='ltr'><strong>te</strong></span> <span class='ocrx_word' id='word_1_60' title='bbox 770 989 852 1048; x_wconf 93' lang='lat' dir='ltr'><strong>nobis</strong></span> <span class='ocrx_word' id='word_1_61' title='bbox 868 987 1014 1061; x_wconf 90' lang='lat' dir='ltr'><strong>daturum,</strong></span> <span class='ocrx_word' id='word_1_62' title='bbox 1032 1006 1095 1063; x_wconf 87' lang='lat' dir='ltr'><strong>quae</strong></span> <span class='ocrx_word' id='word_1_63' title='bbox 1111 989 1246 1063; x_wconf 87' lang='lat' dir='ltr'><strong>petimus,</strong></span> <span class='ocrx_word' id='word_1_64' title='bbox 1262 989 1347 1046; x_wconf 90' lang='lat' dir='ltr'><strong>mise-</strong></span> 
     </span>
     <span class='ocr_line' id='line_1_8' title="bbox 174 1093 1348 1170; baseline -0.007 -11"><span class='ocrx_word' id='word_1_65' title='bbox 174 1097 327 1160; x_wconf 89' lang='lat' dir='ltr'><strong>ricorditer</strong></span> <span class='ocrx_word' id='word_1_66' title='bbox 342 1095 443 1170; x_wconf 83' lang='lat' dir='ltr'><strong>largiri</strong></span> <span class='ocrx_word' id='word_1_67' title='bbox 459 1093 593 1170; x_wconf 83' lang='lat' dir='ltr'><strong>digneris.</strong></span> <span class='ocrx_word' id='word_1_68' title='bbox 634 1095 688 1168; x_wconf 81' lang='lat' dir='ltr'><strong>Qui</strong></span> <span class='ocrx_word' id='word_1_69' title='bbox 702 1101 796 1154; x_wconf 87' lang='lat' dir='ltr'><strong>tecum</strong></span> <span class='ocrx_word' id='word_1_70' title='bbox 815 1095 885 1154; x_wconf 92' lang='lat' dir='ltr'><strong>vivit</strong></span> <span class='ocrx_word' id='word_1_71' title='bbox 900 1099 929 1154; x_wconf 92' lang='lat' dir='ltr'><strong>et</strong></span> <span class='ocrx_word' id='word_1_72' title='bbox 943 1100 1047 1169; x_wconf 84' lang='lat' dir='ltr'><strong>regnat</strong></span> <span class='ocrx_word' id='word_1_73' title='bbox 1060 1095 1091 1155; x_wconf 92' lang='lat' dir='ltr'><strong>in</strong></span> <span class='ocrx_word' id='word_1_74' title='bbox 1105 1096 1215 1156; x_wconf 90' lang='lat' dir='ltr'><strong>unitate</strong></span> <span class='ocrx_word' id='word_1_75' title='bbox 1230 1094 1348 1168; x_wconf 89' lang='lat' dir='ltr'><strong>spiritus</strong></span> 
     </span>
     <span class='ocr_line' id='line_1_9' title="bbox 177 1201 901 1278; baseline -0.006 -13"><span class='ocrx_word' id='word_1_76' title='bbox 177 1203 207 1265; x_wconf 86' lang='lat' dir='ltr'><strong>S.</strong></span> <span class='ocrx_word' id='word_1_77' title='bbox 222 1201 303 1264; x_wconf 88' lang='lat' dir='ltr'><strong>Deus</strong></span> <span class='ocrx_word' id='word_1_78' title='bbox 317 1217 370 1278; x_wconf 90' lang='lat' dir='ltr'><strong>per</strong></span> <span class='ocrx_word' id='word_1_79' title='bbox 386 1203 481 1261; x_wconf 90' lang='lat' dir='ltr'><strong>omnia</strong></span> <span class='ocrx_word' id='word_1_80' title='bbox 496 1202 592 1261; x_wconf 87' lang='lat' dir='ltr'><strong>secula</strong></span> <span class='ocrx_word' id='word_1_81' title='bbox 607 1201 776 1262; x_wconf 88' lang='lat' dir='ltr'><strong>seculorum.</strong></span> <span class='ocrx_word' id='word_1_82' title='bbox 799 1201 901 1261; x_wconf 89' lang='lat' dir='ltr'><strong>Amen.</strong></span> 
     </span>
    </p>

    <p class='ocr_par' dir='ltr' id='par_1_3' title="bbox 175 1303 1350 1805">
     <span class='ocr_line' id='line_1_10' title="bbox 263 1303 1348 1382; baseline 0 -16"><span class='ocrx_word' id='word_1_83' title='bbox 263 1306 373 1366; x_wconf 89' lang='lat' dir='ltr'><strong>Eadem</strong></span> <span class='ocrx_word' id='word_1_84' title='bbox 388 1309 503 1382; x_wconf 83' lang='lat' dir='ltr'><strong>conjugi</strong></span> <span class='ocrx_word' id='word_1_85' title='bbox 517 1308 671 1369; x_wconf 86' lang='lat' dir='ltr'><strong>carissimae</strong></span> <span class='ocrx_word' id='word_1_86' title='bbox 686 1308 882 1380; x_wconf 76' lang='lat' dir='ltr'><strong>psalteriolum</strong></span> <span class='ocrx_word' id='word_1_87' title='bbox 897 1323 915 1366; x_wconf 90' lang='lat' dir='ltr'><strong>a</strong></span> <span class='ocrx_word' id='word_1_88' title='bbox 931 1303 1045 1365; x_wconf 88' lang='lat' dir='ltr'><strong>domino</strong></span> <span class='ocrx_word' id='word_1_89' title='bbox 1060 1306 1127 1365; x_wconf 89' lang='lat' dir='ltr'><strong>Vito</strong></span> <span class='ocrx_word' id='word_1_90' title='bbox 1138 1304 1291 1367; x_wconf 92' lang='lat' dir='ltr'><strong>Theodoro</strong></span> <span class='ocrx_word' id='word_1_91' title='bbox 1307 1305 1348 1366; x_wconf 89' lang='lat' dir='ltr'><strong>illi</strong></span> 
     </span>
     <span class='ocr_line' id='line_1_11' title="bbox 175 1411 1348 1490; baseline -0.004 -15"><span class='ocrx_word' id='word_1_92' title='bbox 175 1415 251 1476; x_wconf 93' lang='lat' dir='ltr'><strong>dono</strong></span> <span class='ocrx_word' id='word_1_93' title='bbox 265 1413 374 1488; x_wconf 90' lang='lat' dir='ltr'><strong>datum,</strong></span> <span class='ocrx_word' id='word_1_94' title='bbox 390 1415 518 1490; x_wconf 89' lang='lat' dir='ltr'><strong>pectines</strong></span> <span class='ocrx_word' id='word_1_95' title='bbox 532 1415 601 1474; x_wconf 90' lang='lat' dir='ltr'><strong>item</strong></span> <span class='ocrx_word' id='word_1_96' title='bbox 617 1413 772 1487; x_wconf 90' lang='lat' dir='ltr'><strong>eburneos,</strong></span> <span class='ocrx_word' id='word_1_97' title='bbox 789 1417 818 1472; x_wconf 92' lang='lat' dir='ltr'><strong>et</strong></span> <span class='ocrx_word' id='word_1_98' title='bbox 832 1412 1016 1472; x_wconf 78' lang='lat' dir='ltr'><strong>mactatulum</strong></span> <span class='ocrx_word' id='word_1_99' title='bbox 1030 1411 1266 1486; x_wconf 81' lang='lat' dir='ltr'><strong>Augustanornm</strong></span> <span class='ocrx_word' id='word_1_100' title='bbox 1280 1427 1348 1472; x_wconf 91' lang='lat' dir='ltr'><strong>con·</strong></span> 
     </span>
     <span class='ocr_line' id='line_1_12' title="bbox 175 1514 1350 1594; baseline -0.003 -14"><span class='ocrx_word' id='word_1_101' title='bbox 175 1522 367 1594; x_wconf 86' lang='lat' dir='ltr'><strong>cionetorum,</strong></span> <span class='ocrx_word' id='word_1_102' title='bbox 387 1521 418 1579; x_wconf 91' lang='lat' dir='ltr'><strong>in</strong></span> <span class='ocrx_word' id='word_1_103' title='bbox 433 1536 489 1593; x_wconf 92' lang='lat' dir='ltr'><strong>quo</strong></span> <span class='ocrx_word' id='word_1_104' title='bbox 505 1537 614 1580; x_wconf 90' lang='lat' dir='ltr'><strong>summa</strong></span> <span class='ocrx_word' id='word_1_105' title='bbox 628 1526 736 1579; x_wconf 87' lang='lat' dir='ltr'><strong>nostrae</strong></span> <span class='ocrx_word' id='word_1_106' title='bbox 754 1518 902 1593; x_wconf 81' lang='lat' dir='ltr'><strong>religionis</strong></span> <span class='ocrx_word' id='word_1_107' title='bbox 921 1517 952 1576; x_wconf 91' lang='lat' dir='ltr'><strong>in</strong></span> <span class='ocrx_word' id='word_1_108' title='bbox 966 1518 1064 1577; x_wconf 88' lang='lat' dir='ltr'><strong>dacem</strong></span> <span class='ocrx_word' id='word_1_109' title='bbox 1078 1517 1213 1576; x_wconf 81' lang='lat' dir='ltr'><strong>articulos</strong></span> <span class='ocrx_word' id='word_1_110' title='bbox 1232 1514 1350 1577; x_wconf 89' lang='lat' dir='ltr'><strong>redacta</strong></span> 
     </span>
     <span class='ocr_line' id='line_1_13' title="bbox 176 1613 1350 1698; baseline -0.002 -16"><span class='ocrx_word' id='word_1_111' title='bbox 176 1613 233 1698; x_wconf 89' lang='lat' dir='ltr'><strong>est,</strong></span> <span class='ocrx_word' id='word_1_112' title='bbox 250 1626 318 1683; x_wconf 90' lang='lat' dir='ltr'><strong>item</strong></span> <span class='ocrx_word' id='word_1_113' title='bbox 333 1625 478 1686; x_wconf 90' lang='lat' dir='ltr'><strong>crationes</strong></span> <span class='ocrx_word' id='word_1_114' title='bbox 492 1625 655 1685; x_wconf 90' lang='lat' dir='ltr'><strong>Bernhardi</strong></span> <span class='ocrx_word' id='word_1_115' title='bbox 670 1624 771 1684; x_wconf 90' lang='lat' dir='ltr'><strong>Oohini</strong></span> <span class='ocrx_word' id='word_1_116' title='bbox 786 1623 913 1697; x_wconf 90' lang='lat' dir='ltr'><strong>ejusdem</strong></span> <span class='ocrx_word' id='word_1_117' title='bbox 929 1623 1075 1698; x_wconf 88' lang='lat' dir='ltr'><strong>exemplar</strong></span> <span class='ocrx_word' id='word_1_118' title='bbox 1090 1622 1197 1682; x_wconf 79' lang='lat' dir='ltr'><strong>loanni</strong></span> <span class='ocrx_word' id='word_1_119' title='bbox 1213 1619 1350 1682; x_wconf 78' lang='lat' dir='ltr'><strong>Gdaotco</strong></span> 
     </span>
     <span class='ocr_line' id='line_1_14' title="bbox 177 1717 999 1805; baseline 0 -18"><span class='ocrx_word' id='word_1_120' title='bbox 177 1733 208 1787; x_wconf 90' lang='lat' dir='ltr'><strong>et</strong></span> <span class='ocrx_word' id='word_1_121' title='bbox 221 1728 317 1790; x_wconf 89' lang='lat' dir='ltr'><strong>Nellio</strong></span> <span class='ocrx_word' id='word_1_122' title='bbox 332 1731 537 1805; x_wconf 81' lang='lat' dir='ltr'><strong>porrigendum</strong></span> <span class='ocrx_word' id='word_1_123' title='bbox 551 1731 768 1790; x_wconf 87' lang='lat' dir='ltr'><strong>transmisimus.</strong></span> <span class='ocrx_word' id='word_1_124' title='bbox 995 1717 999 1730; x_wconf 57' lang='lat'>‘</span> 
     </span>
    </p>

    <p class='ocr_par' dir='ltr' id='par_1_4' title="bbox 178 1830 1351 2014">
     <span class='ocr_line' id='line_1_15' title="bbox 264 1830 1351 1914; baseline 0.003 -23"><span class='ocrx_word' id='word_1_125' title='bbox 264 1832 292 1891; x_wconf 84' lang='lat' dir='ltr'>A</span> <span class='ocrx_word' id='word_1_126' title='bbox 308 1849 392 1893; x_wconf 90' lang='lat' dir='ltr'><strong>coena</strong></span> <span class='ocrx_word' id='word_1_127' title='bbox 406 1835 493 1894; x_wconf 88' lang='lat' dir='ltr'><strong>animi</strong></span> <span class='ocrx_word' id='word_1_128' title='bbox 508 1835 603 1914; x_wconf 81' lang='lat' dir='ltr'><strong>gratia</strong></span> <span class='ocrx_word' id='word_1_129' title='bbox 617 1836 694 1894; x_wconf 91' lang='lat' dir='ltr'><strong>intra</strong></span> <span class='ocrx_word' id='word_1_130' title='bbox 714 1833 785 1894; x_wconf 79' lang='lat' dir='ltr'><strong>duas&#39;</strong></span> <span class='ocrx_word' id='word_1_131' title='bbox 805 1837 903 1908; x_wconf 89' lang='lat' dir='ltr'><strong>partes</strong></span> <span class='ocrx_word' id='word_1_132' title='bbox 921 1833 992 1908; x_wconf 87' lang='lat' dir='ltr'><strong>Lyci</strong></span> <span class='ocrx_word' id='word_1_133' title='bbox 1011 1830 1091 1894; x_wconf 90' lang='lat' dir='ltr'><strong>fluvii</strong></span> <span class='ocrx_word' id='word_1_134' title='bbox 1110 1835 1307 1894; x_wconf 78' lang='lat' dir='ltr'><strong>amoenitatem</strong></span> <span class='ocrx_word' id='word_1_135' title='bbox 1322 1839 1351 1894; x_wconf 91' lang='lat' dir='ltr'><strong>et</strong></span> 
     </span>
     <span class='ocr_line' id='line_1_16' title="bbox 178 1939 879 2014; baseline -0.001 -15"><span class='ocrx_word' id='word_1_136' title='bbox 178 1939 269 2000; x_wconf 88' lang='lat' dir='ltr'><strong>omnis</strong></span> <span class='ocrx_word' id='word_1_137' title='bbox 284 1939 397 2014; x_wconf 82' lang='lat' dir='ltr'><strong>generis</strong></span> <span class='ocrx_word' id='word_1_138' title='bbox 412 1940 532 2013; x_wconf 84' lang='lat' dir='ltr'><strong>piscium</strong></span> <span class='ocrx_word' id='word_1_139' title='bbox 546 1940 657 2000; x_wconf 87' lang='lat' dir='ltr'><strong>rivaria</strong></span> <span class='ocrx_word' id='word_1_140' title='bbox 671 1939 879 2014; x_wconf 83' lang='lat' dir='ltr'><strong>conspeximus.</strong></span> 
     </span>
    </p>

    <p class='ocr_par' dir='ltr' id='par_1_5' title="bbox 178 2043 1351 2228">
     <span class='ocr_line' id='line_1_17' title="bbox 266 2043 1351 2119; baseline 0.001 -16"><span class='ocrx_word' id='word_1_141' title='bbox 266 2044 413 2118; x_wconf 84' lang='lat' dir='ltr'><strong>Propitius</strong></span> <span class='ocrx_word' id='word_1_142' title='bbox 433 2044 515 2104; x_wconf 90' lang='lat' dir='ltr'><strong>nobis</strong></span> <span class='ocrx_word' id='word_1_143' title='bbox 536 2050 613 2119; x_wconf 91' lang='lat' dir='ltr'><strong>estc,</strong></span> <span class='ocrx_word' id='word_1_144' title='bbox 639 2044 753 2104; x_wconf 92' lang='lat' dir='ltr'><strong>domine</strong></span> <span class='ocrx_word' id='word_1_145' title='bbox 768 2043 878 2117; x_wconf 87' lang='lat' dir='ltr'><strong>JESU,</strong></span> <span class='ocrx_word' id='word_1_146' title='bbox 895 2049 924 2104; x_wconf 90' lang='lat' dir='ltr'><strong>at</strong></span> <span class='ocrx_word' id='word_1_147' title='bbox 940 2044 978 2104; x_wconf 91' lang='lat' dir='ltr'><strong>da</strong></span> <span class='ocrx_word' id='word_1_148' title='bbox 992 2050 1025 2106; x_wconf 90' lang='lat' dir='ltr'><strong>ut</strong></span> <span class='ocrx_word' id='word_1_149' title='bbox 1039 2061 1122 2106; x_wconf 90' lang='lat' dir='ltr'><strong>omne</strong></span> <span class='ocrx_word' id='word_1_150' title='bbox 1137 2059 1207 2118; x_wconf 88' lang='lat' dir='ltr'><strong>opus</strong></span> <span class='ocrx_word' id='word_1_151' title='bbox 1222 2048 1351 2105; x_wconf 88' lang='lat' dir='ltr'><strong>nostrum</strong></span> 
     </span>
     <span class='ocr_line' id='line_1_18' title="bbox 178 2147 986 2228; baseline -0.002 -19"><span class='ocrx_word' id='word_1_152' title='bbox 178 2150 269 2226; x_wconf 88' lang='lat' dir='ltr'><strong>patris</strong></span> <span class='ocrx_word' id='word_1_153' title='bbox 284 2155 399 2223; x_wconf 88' lang='lat' dir='ltr'><strong>tuaeque</strong></span> <span class='ocrx_word' id='word_1_154' title='bbox 414 2147 493 2208; x_wconf 85' lang='lat' dir='ltr'><strong>laudi</strong></span> <span class='ocrx_word' id='word_1_155' title='bbox 509 2150 623 2208; x_wconf 85' lang='lat' dir='ltr'><strong>serviat.</strong></span> <span class='ocrx_word' id='word_1_156' title='bbox 985 2225 986 2228; x_wconf 8' lang='grc' dir='ltr'><strong>Ἴ</strong></span> 
     </span>
    </p>

    <p class='ocr_par' dir='ltr' id='par_1_6' title="bbox 265 2252 1168 2330">
     <span class='ocr_line' id='line_1_19' title="bbox 265 2252 1168 2330; baseline 0.001 -19"><span class='ocrx_word' id='word_1_157' title='bbox 265 2254 313 2327; x_wconf 85' lang='lat' dir='ltr'><strong>xxj</strong></span> <span class='ocrx_word' id='word_1_158' title='bbox 330 2252 437 2328; x_wconf 87' lang='lat' dir='ltr'><strong>Aprilis</strong></span> <span class='ocrx_word' id='word_1_159' title='bbox 453 2253 675 2328; x_wconf 79' lang='lat' dir='ltr'><strong>Burglrbardum</strong></span> <span class='ocrx_word' id='word_1_160' title='bbox 690 2255 825 2314; x_wconf 88' lang='lat' dir='ltr'><strong>nuncium</strong></span> <span class='ocrx_word' id='word_1_161' title='bbox 841 2253 955 2313; x_wconf 92' lang='lat' dir='ltr'><strong>domum</strong></span> <span class='ocrx_word' id='word_1_162' title='bbox 969 2255 1168 2330; x_wconf 78' lang='lat' dir='ltr'><strong>relegavimus.</strong></span> 
     </span>
    </p>

    <p class='ocr_par' dir='ltr' id='par_1_7' title="bbox 176 2357 1404 4427">
     <span class='ocr_line' id='line_1_20' title="bbox 266 2357 1350 2434; baseline -0.001 -15"><span class='ocrx_word' id='word_1_163' title='bbox 266 2359 376 2419; x_wconf 88' lang='lat' dir='ltr'><strong>Eadem</strong></span> <span class='ocrx_word' id='word_1_164' title='bbox 385 2358 422 2419; x_wconf 94' lang='lat' dir='ltr'><strong>ad</strong></span> <span class='ocrx_word' id='word_1_165' title='bbox 431 2357 652 2419; x_wconf 85' lang='lat' dir='ltr'><strong>Atrebatensem</strong></span> <span class='ocrx_word' id='word_1_166' title='bbox 664 2360 780 2421; x_wconf 87' lang='lat' dir='ltr'><strong>admissi</strong></span> <span class='ocrx_word' id='word_1_167' title='bbox 790 2376 896 2433; x_wconf 90' lang='lat' dir='ltr'><strong>sumus,</strong></span> <span class='ocrx_word' id='word_1_168' title='bbox 912 2360 962 2419; x_wconf 90' lang='lat' dir='ltr'><strong>ubi</strong></span> <span class='ocrx_word' id='word_1_169' title='bbox 974 2367 1161 2434; x_wconf 90' lang='lat' dir='ltr'><strong>posteaquam</strong></span> <span class='ocrx_word' id='word_1_170' title='bbox 1175 2360 1282 2433; x_wconf 84' lang='lat' dir='ltr'><strong>praesul</strong></span> <span class='ocrx_word' id='word_1_171' title='bbox 1292 2359 1350 2418; x_wconf 90' lang='lat' dir='ltr'><strong>sin-</strong></span> 
     </span>
     <span class='ocr_line' id='line_1_21' title="bbox 178 2463 1350 2546; baseline 0 -23"><span class='ocrx_word' id='word_1_172' title='bbox 178 2465 253 2540; x_wconf 78' lang='lat' dir='ltr'><strong>gulis</strong></span> <span class='ocrx_word' id='word_1_173' title='bbox 268 2463 400 2539; x_wconf 86' lang='lat' dir='ltr'><strong>dextram</strong></span> <span class='ocrx_word' id='word_1_174' title='bbox 414 2464 596 2538; x_wconf 86' lang='lat' dir='ltr'><strong>praebuisset,</strong></span> <span class='ocrx_word' id='word_1_175' title='bbox 613 2463 752 2538; x_wconf 80' lang='lat' dir='ltr'><strong>Magister</strong></span> <span class='ocrx_word' id='word_1_176' title='bbox 767 2463 900 2524; x_wconf 85' lang='lat' dir='ltr'><strong>Liberius</strong></span> <span class='ocrx_word' id='word_1_177' title='bbox 916 2467 957 2525; x_wconf 91' lang='lat' dir='ltr'><strong>sio</strong></span> <span class='ocrx_word' id='word_1_178' title='bbox 972 2466 1068 2526; x_wconf 88' lang='lat' dir='ltr'><strong>dicere</strong></span> <span class='ocrx_word' id='word_1_179' title='bbox 1083 2466 1182 2546; x_wconf 88' lang='lat' dir='ltr'><strong>coepit:</strong></span> <span class='ocrx_word' id='word_1_180' title='bbox 1204 2463 1350 2525; x_wconf 87' lang='lat' dir='ltr'><strong>Reveren-</strong></span> 
     </span>
     <span class='ocr_line' id='line_1_22' title="bbox 179 2569 1404 2646; baseline -0.002 -16"><span class='ocrx_word' id='word_1_181' title='bbox 179 2570 294 2630; x_wconf 90' lang='lat' dir='ltr'><strong>dissime</strong></span> <span class='ocrx_word' id='word_1_182' title='bbox 309 2575 338 2629; x_wconf 92' lang='lat' dir='ltr'><strong>et</strong></span> <span class='ocrx_word' id='word_1_183' title='bbox 351 2569 472 2628; x_wconf 87' lang='lat' dir='ltr'><strong>illustria</strong></span> <span class='ocrx_word' id='word_1_184' title='bbox 492 2569 604 2630; x_wconf 91' lang='lat' dir='ltr'><strong>domine</strong></span> <span class='ocrx_word' id='word_1_185' title='bbox 624 2570 773 2646; x_wconf 90' lang='lat' dir='ltr'><strong>princeps,</strong></span> <span class='ocrx_word' id='word_1_186' title='bbox 794 2570 831 2630; x_wconf 90' lang='lat' dir='ltr'><strong>D.</strong></span> <span class='ocrx_word' id='word_1_187' title='bbox 848 2572 882 2630; x_wconf 90' lang='lat' dir='ltr'><strong>V.</strong></span> <span class='ocrx_word' id='word_1_188' title='bbox 900 2572 978 2644; x_wconf 88' lang='lat' dir='ltr'><strong>quod</strong></span> <span class='ocrx_word' id='word_1_189' title='bbox 991 2572 1054 2632; x_wconf 90' lang='lat' dir='ltr'><strong>heri</strong></span> <span class='ocrx_word' id='word_1_190' title='bbox 1074 2572 1121 2630; x_wconf 92' lang='lat' dir='ltr'><strong>bic</strong></span> <span class='ocrx_word' id='word_1_191' title='bbox 1134 2571 1249 2630; x_wconf 80' lang='lat' dir='ltr'><strong>nonina</strong></span> <span class='ocrx_word' id='word_1_192' title='bbox 1264 2572 1350 2631; x_wconf 91' lang='lat' dir='ltr'><strong>comi·</strong></span> <span class='ocrx_word' id='word_1_193' title='bbox 1396 2595 1404 2608; x_wconf 91' lang='lat'><strong>·</strong></span> 
     </span>
     <span class='ocr_line' id='line_1_23' title="bbox 179 2673 1351 2753; baseline 0.001 -19"><span class='ocrx_word' id='word_1_194' title='bbox 179 2681 240 2734; x_wconf 90' lang='lat' dir='ltr'><strong>tum</strong></span> <span class='ocrx_word' id='word_1_195' title='bbox 254 2681 417 2735; x_wconf 90' lang='lat' dir='ltr'><strong>nostrorum</strong></span> <span class='ocrx_word' id='word_1_196' title='bbox 432 2673 600 2735; x_wconf 89' lang='lat' dir='ltr'><strong>aWaldeek</strong></span> <span class='ocrx_word' id='word_1_197' title='bbox 614 2673 788 2736; x_wconf 86' lang='lat' dir='ltr'><strong>adfuerimus</strong></span> <span class='ocrx_word' id='word_1_198' title='bbox 803 2677 892 2750; x_wconf 92' lang='lat' dir='ltr'><strong>novit,</strong></span> <span class='ocrx_word' id='word_1_199' title='bbox 908 2680 1040 2753; x_wconf 90' lang='lat' dir='ltr'><strong>petentes</strong></span> <span class='ocrx_word' id='word_1_200' title='bbox 1054 2682 1087 2736; x_wconf 89' lang='lat' dir='ltr'><strong>ut</strong></span> <span class='ocrx_word' id='word_1_201' title='bbox 1101 2677 1170 2751; x_wconf 88' lang='lat' dir='ltr'><strong>ipsis</strong></span> <span class='ocrx_word' id='word_1_202' title='bbox 1183 2675 1219 2734; x_wconf 90' lang='grc' dir='ltr'><strong>Ι).</strong></span> <span class='ocrx_word' id='word_1_203' title='bbox 1229 2676 1264 2741; x_wconf 80' lang='lat' dir='ltr'><strong>V.</strong></span> <span class='ocrx_word' id='word_1_204' title='bbox 1281 2675 1351 2736; x_wconf 80' lang='lat' dir='ltr'><strong>allo</strong></span> 
     </span>
     <span class='ocr_line' id='line_1_24' title="bbox 179 2777 1353 2854; baseline -0.002 -12"><span class='ocrx_word' id='word_1_205' title='bbox 179 2779 285 2854; x_wconf 86' lang='lat' dir='ltr'><strong>quendi</strong></span> <span class='ocrx_word' id='word_1_206' title='bbox 298 2777 419 2840; x_wconf 87' lang='lat' dir='ltr'><strong>facultas</strong></span> <span class='ocrx_word' id='word_1_207' title='bbox 434 2778 561 2854; x_wconf 87' lang='lat' dir='ltr'><strong>daretur,</strong></span> <span class='ocrx_word' id='word_1_208' title='bbox 578 2783 608 2838; x_wconf 92' lang='lat' dir='ltr'><strong>et</strong></span> <span class='ocrx_word' id='word_1_209' title='bbox 623 2780 700 2853; x_wconf 91' lang='lat' dir='ltr'><strong>quod</strong></span> <span class='ocrx_word' id='word_1_210' title='bbox 712 2782 796 2840; x_wconf 91' lang='lat' dir='ltr'><strong>simul</strong></span> <span class='ocrx_word' id='word_1_211' title='bbox 810 2783 841 2842; x_wconf 94' lang='lat' dir='ltr'><strong>in</strong></span> <span class='ocrx_word' id='word_1_212' title='bbox 854 2781 978 2842; x_wconf 90' lang='lat' dir='ltr'><strong>medium</strong></span> <span class='ocrx_word' id='word_1_213' title='bbox 991 2784 1203 2843; x_wconf 88' lang='lat' dir='ltr'><strong>excusationem</strong></span> <span class='ocrx_word' id='word_1_214' title='bbox 1219 2783 1353 2841; x_wconf 89' lang='lat' dir='ltr'><strong>comitum</strong></span> 
     </span>
     <span class='ocr_line' id='line_1_25' title="bbox 179 2883 1350 2962; baseline 0.003 -17"><span class='ocrx_word' id='word_1_215' title='bbox 179 2891 342 2946; x_wconf 90' lang='lat' dir='ltr'><strong>nostrornm</strong></span> <span class='ocrx_word' id='word_1_216' title='bbox 357 2890 386 2944; x_wconf 91' lang='lat' dir='ltr'><strong>et</strong></span> <span class='ocrx_word' id='word_1_217' title='bbox 401 2883 478 2959; x_wconf 89' lang='lat' dir='ltr'><strong>quod</strong></span> <span class='ocrx_word' id='word_1_218' title='bbox 492 2884 531 2943; x_wconf 93' lang='lat' dir='ltr'><strong>ad</strong></span> <span class='ocrx_word' id='word_1_219' title='bbox 546 2885 708 2944; x_wconf 87' lang='lat' dir='ltr'><strong>citationem</strong></span> <span class='ocrx_word' id='word_1_220' title='bbox 724 2887 868 2960; x_wconf 89' lang='lat' dir='ltr'><strong>attineret,</strong></span> <span class='ocrx_word' id='word_1_221' title='bbox 884 2887 1064 2949; x_wconf 83' lang='lat' dir='ltr'><strong>adduximus.</strong></span> <span class='ocrx_word' id='word_1_222' title='bbox 1102 2888 1187 2947; x_wconf 87' lang='lat' dir='ltr'><strong>Nunc</strong></span> <span class='ocrx_word' id='word_1_223' title='bbox 1201 2888 1289 2962; x_wconf 83' lang='lat' dir='ltr'><strong>igitur</strong></span> <span class='ocrx_word' id='word_1_224' title='bbox 1303 2903 1350 2948; x_wconf 94' lang='lat' dir='ltr'><strong>co·</strong></span> 
     </span>
     <span class='ocr_line' id='line_1_26' title="bbox 178 2990 1352 3064; baseline 0.003 -16"><span class='ocrx_word' id='word_1_225' title='bbox 178 2990 261 3050; x_wconf 87' lang='lat' dir='ltr'><strong>mites</strong></span> <span class='ocrx_word' id='word_1_226' title='bbox 279 2990 335 3063; x_wconf 91' lang='lat' dir='ltr'><strong>ipsi</strong></span> <span class='ocrx_word' id='word_1_227' title='bbox 354 2992 511 3064; x_wconf 69' lang='lat' dir='ltr'><strong>presentes</strong></span> <span class='ocrx_word' id='word_1_228' title='bbox 531 2994 647 3063; x_wconf 90' lang='lat' dir='ltr'><strong>petunt,</strong></span> <span class='ocrx_word' id='word_1_229' title='bbox 676 2995 709 3048; x_wconf 92' lang='lat' dir='ltr'><strong>ut</strong></span> <span class='ocrx_word' id='word_1_230' title='bbox 727 2991 965 3053; x_wconf 90' lang='lat' dir='ltr'><strong>reverendissima</strong></span> <span class='ocrx_word' id='word_1_231' title='bbox 979 2992 1016 3055; x_wconf 92' lang='lat' dir='ltr'><strong>D.</strong></span> <span class='ocrx_word' id='word_1_232' title='bbox 1032 2996 1068 3056; x_wconf 85' lang='lat' dir='ltr'><strong>V.</strong></span> <span class='ocrx_word' id='word_1_233' title='bbox 1088 2995 1153 3053; x_wconf 92' lang='lat' dir='ltr'><strong>illos</strong></span> <span class='ocrx_word' id='word_1_234' title='bbox 1173 2992 1275 3052; x_wconf 89' lang='lat' dir='ltr'><strong>audire</strong></span> <span class='ocrx_word' id='word_1_235' title='bbox 1295 3009 1352 3052; x_wconf 88' lang='lat' dir='ltr'><strong>non</strong></span> 
     </span>
     <span class='ocr_line' id='line_1_27' title="bbox 178 3093 1351 3175; baseline 0.004 -20"><span class='ocrx_word' id='word_1_236' title='bbox 178 3094 359 3170; x_wconf 82' lang='lat' dir='ltr'><strong>dedignetur.</strong></span> <span class='ocrx_word' id='word_1_237' title='bbox 384 3093 456 3154; x_wconf 85' lang='lat' dir='ltr'><strong>Sunt</strong></span> <span class='ocrx_word' id='word_1_238' title='bbox 471 3099 567 3154; x_wconf 86' lang='lat' dir='ltr'><strong>autem</strong></span> <span class='ocrx_word' id='word_1_239' title='bbox 579 3095 725 3170; x_wconf 88' lang='lat' dir='ltr'><strong>petitionis</strong></span> <span class='ocrx_word' id='word_1_240' title='bbox 738 3113 836 3156; x_wconf 91' lang='lat' dir='ltr'><strong>eorum</strong></span> <span class='ocrx_word' id='word_1_241' title='bbox 851 3099 913 3158; x_wconf 77' lang='lat' dir='ltr'><strong>haec</strong></span> <span class='ocrx_word' id='word_1_242' title='bbox 925 3103 1029 3175; x_wconf 90' lang='lat' dir='ltr'><strong>capita.</strong></span> <span class='ocrx_word' id='word_1_243' title='bbox 1053 3101 1150 3160; x_wconf 93' lang='lat' dir='ltr'><strong>Primo</strong></span> <span class='ocrx_word' id='word_1_244' title='bbox 1166 3097 1245 3172; x_wconf 91' lang='lat' dir='ltr'><strong>quod</strong></span> <span class='ocrx_word' id='word_1_245' title='bbox 1259 3098 1351 3174; x_wconf 92' lang='lat' dir='ltr'><strong>adid,</strong></span> 
     </span>
     <span class='ocr_line' id='line_1_28' title="bbox 178 3197 1352 3278; baseline 0.003 -18"><span class='ocrx_word' id='word_1_246' title='bbox 178 3197 257 3275; x_wconf 89' lang='lat' dir='ltr'><strong>quod</strong></span> <span class='ocrx_word' id='word_1_247' title='bbox 278 3204 415 3274; x_wconf 87' lang='lat' dir='ltr'><strong>tanquam</strong></span> <span class='ocrx_word' id='word_1_248' title='bbox 435 3199 607 3266; x_wconf 86' lang='lat' dir='ltr'><strong>rebellantes</strong></span> <span class='ocrx_word' id='word_1_249' title='bbox 630 3201 710 3260; x_wconf 89' lang='lat' dir='ltr'><strong>citati</strong></span> <span class='ocrx_word' id='word_1_250' title='bbox 732 3201 787 3261; x_wconf 92' lang='lat' dir='ltr'><strong>hue</strong></span> <span class='ocrx_word' id='word_1_251' title='bbox 811 3204 884 3278; x_wconf 88' lang='lat' dir='ltr'><strong>sint,</strong></span> <span class='ocrx_word' id='word_1_252' title='bbox 909 3205 1006 3264; x_wconf 70' lang='lat' dir='ltr'><strong>mount</strong></span> <span class='ocrx_word' id='word_1_253' title='bbox 1029 3221 1060 3264; x_wconf 88' lang='lat' dir='ltr'><strong>sa</strong></span> <span class='ocrx_word' id='word_1_254' title='bbox 1082 3204 1153 3264; x_wconf 88' lang='lat' dir='ltr'><strong>nihil</strong></span> <span class='ocrx_word' id='word_1_255' title='bbox 1174 3202 1274 3264; x_wconf 84' lang='lat' dir='ltr'><strong>iecisse</strong></span> <span class='ocrx_word' id='word_1_256' title='bbox 1296 3204 1352 3264; x_wconf 87' lang='lat' dir='ltr'><strong>nisi</strong></span> 
     </span>
     <span class='ocr_line' id='line_1_29' title="bbox 178 3304 1353 3384; baseline 0.005 -20"><span class='ocrx_word' id='word_1_257' title='bbox 178 3309 293 3366; x_wconf 88' lang='lat' dir='ltr'><strong>coactos</strong></span> <span class='ocrx_word' id='word_1_258' title='bbox 307 3322 326 3365; x_wconf 88' lang='lat' dir='ltr'><strong>a</strong></span> <span class='ocrx_word' id='word_1_259' title='bbox 338 3304 533 3380; x_wconf 81' lang='lat' dir='ltr'><strong>landtgravio,</strong></span> <span class='ocrx_word' id='word_1_260' title='bbox 554 3307 635 3381; x_wconf 76' lang='lat' dir='ltr'><strong>cuijus</strong></span> <span class='ocrx_word' id='word_1_261' title='bbox 650 3307 752 3366; x_wconf 87' lang='lat' dir='ltr'><strong>vasalli</strong></span> <span class='ocrx_word' id='word_1_262' title='bbox 766 3314 833 3367; x_wconf 90' lang='lat' dir='ltr'><strong>sunt</strong></span> <span class='ocrx_word' id='word_1_263' title='bbox 847 3313 877 3368; x_wconf 88' lang='lat' dir='ltr'><strong>et</strong></span> <span class='ocrx_word' id='word_1_264' title='bbox 892 3311 952 3382; x_wconf 89' lang='lat' dir='ltr'><strong>ejus</strong></span> <span class='ocrx_word' id='word_1_265' title='bbox 968 3310 1070 3370; x_wconf 85' lang='lat' dir='ltr'><strong>ditioni</strong></span> <span class='ocrx_word' id='word_1_266' title='bbox 1084 3311 1251 3384; x_wconf 83' lang='lat' dir='ltr'><strong>viciniores,</strong></span> <span class='ocrx_word' id='word_1_267' title='bbox 1267 3325 1353 3384; x_wconf 87' lang='lat' dir='ltr'><strong>quam</strong></span> 
     </span>
     <span class='ocr_line' id='line_1_30' title="bbox 177 3409 1351 3488; baseline 0.005 -20"><span class='ocrx_word' id='word_1_268' title='bbox 177 3414 211 3469; x_wconf 94' lang='grc' dir='ltr'><strong>ιιι</strong></span> <span class='ocrx_word' id='word_1_269' title='bbox 224 3409 292 3469; x_wconf 91' lang='lat' dir='ltr'><strong>huic</strong></span> <span class='ocrx_word' id='word_1_270' title='bbox 306 3409 461 3484; x_wconf 88' lang='lat' dir='ltr'><strong>quidquam</strong></span> <span class='ocrx_word' id='word_1_271' title='bbox 475 3411 619 3486; x_wconf 80' lang='lat' dir='ltr'><strong>denegare</strong></span> <span class='ocrx_word' id='word_1_272' title='bbox 634 3413 696 3473; x_wconf 87' lang='lat' dir='ltr'><strong>ausi</strong></span> <span class='ocrx_word' id='word_1_273' title='bbox 708 3411 824 3473; x_wconf 84' lang='lat' dir='ltr'><strong>fuerint.</strong></span> <span class='ocrx_word' id='word_1_274' title='bbox 845 3415 993 3476; x_wconf 86' lang='lat' dir='ltr'><strong>Praeterea</strong></span> <span class='ocrx_word' id='word_1_275' title='bbox 1006 3417 1032 3475; x_wconf 89' lang='lat' dir='ltr'><strong>si</strong></span> <span class='ocrx_word' id='word_1_276' title='bbox 1043 3417 1113 3488; x_wconf 90' lang='lat' dir='ltr'><strong>quid</strong></span> <span class='ocrx_word' id='word_1_277' title='bbox 1123 3417 1154 3474; x_wconf 93' lang='lat' dir='ltr'><strong>in</strong></span> <span class='ocrx_word' id='word_1_278' title='bbox 1168 3415 1223 3475; x_wconf 91' lang='lat' dir='ltr'><strong>hac</strong></span> <span class='ocrx_word' id='word_1_279' title='bbox 1236 3431 1269 3474; x_wconf 88' lang='lat' dir='ltr'><strong>ra</strong></span> <span class='ocrx_word' id='word_1_280' title='bbox 1285 3430 1351 3488; x_wconf 90' lang='lat' dir='ltr'><strong>pec·</strong></span> 
     </span>
     <span class='ocr_line' id='line_1_31' title="bbox 178 3517 1350 3595; baseline 0 -17"><span class='ocrx_word' id='word_1_281' title='bbox 178 3517 320 3593; x_wconf 86' lang='lat' dir='ltr'><strong>caverint,</strong></span> <span class='ocrx_word' id='word_1_282' title='bbox 339 3535 370 3578; x_wconf 90' lang='lat' dir='ltr'><strong>se</strong></span> <span class='ocrx_word' id='word_1_283' title='bbox 385 3519 500 3578; x_wconf 92' lang='lat' dir='ltr'><strong>nomine</strong></span> <span class='ocrx_word' id='word_1_284' title='bbox 514 3519 707 3593; x_wconf 85' lang='lat' dir='ltr'><strong>imperatoriae</strong></span> <span class='ocrx_word' id='word_1_285' title='bbox 722 3520 880 3595; x_wconf 86' lang='lat' dir='ltr'><strong>majestatis</strong></span> <span class='ocrx_word' id='word_1_286' title='bbox 896 3537 932 3580; x_wconf 87' lang='lat' dir='ltr'><strong>ex</strong></span> <span class='ocrx_word' id='word_1_287' title='bbox 946 3521 1151 3595; x_wconf 90' lang='lat' dir='ltr'><strong>capitulatione</strong></span> <span class='ocrx_word' id='word_1_288' title='bbox 1166 3521 1242 3578; x_wconf 90' lang='lat' dir='ltr'><strong>inter</strong></span> <span class='ocrx_word' id='word_1_289' title='bbox 1256 3517 1350 3579; x_wconf 81' lang='lat' dir='ltr'><strong>Caesa·</strong></span> 
     </span>
     <span class='ocr_line' id='line_1_32' title="bbox 178 3624 1353 3700; baseline 0.002 -18"><span class='ocrx_word' id='word_1_290' title='bbox 178 3638 271 3683; x_wconf 92' lang='lat' dir='ltr'><strong>sarem</strong></span> <span class='ocrx_word' id='word_1_291' title='bbox 293 3628 328 3682; x_wconf 85' lang='lat' dir='ltr'><strong>at</strong></span> <span class='ocrx_word' id='word_1_292' title='bbox 347 3624 558 3699; x_wconf 81' lang='lat' dir='ltr'><strong>landtgravium</strong></span> <span class='ocrx_word' id='word_1_293' title='bbox 580 3625 824 3700; x_wconf 82' lang='lat' dir='ltr'><strong>comprehensas</strong></span> <span class='ocrx_word' id='word_1_294' title='bbox 844 3627 958 3687; x_wconf 91' lang='lat' dir='ltr'><strong>domino</strong></span> <span class='ocrx_word' id='word_1_295' title='bbox 978 3626 1145 3688; x_wconf 84' lang='lat' dir='ltr'><strong>Reinlrardo</strong></span> <span class='ocrx_word' id='word_1_296' title='bbox 1167 3641 1185 3685; x_wconf 90' lang='lat' dir='ltr'><strong>a</strong></span> <span class='ocrx_word' id='word_1_297' title='bbox 1209 3626 1300 3686; x_wconf 87' lang='lat' dir='ltr'><strong>Solms</strong></span> <span class='ocrx_word' id='word_1_298' title='bbox 1323 3630 1353 3684; x_wconf 92' lang='lat' dir='ltr'><strong>et</strong></span> 
     </span>
     <span class='ocr_line' id='line_1_33' title="bbox 177 3725 1351 3808; baseline 0.002 -20"><span class='ocrx_word' id='word_1_299' title='bbox 177 3727 291 3788; x_wconf 85' lang='lat' dir='ltr'><strong>Jounne</strong></span> <span class='ocrx_word' id='word_1_300' title='bbox 306 3725 430 3802; x_wconf 81' lang='lat' dir='ltr'><strong>Georqio</strong></span> <span class='ocrx_word' id='word_1_301' title='bbox 447 3728 578 3789; x_wconf 82' lang='lat' dir='ltr'><strong>Sobadeu</strong></span> <span class='ocrx_word' id='word_1_302' title='bbox 592 3747 611 3788; x_wconf 94' lang='lat' dir='ltr'><strong>a</strong></span> <span class='ocrx_word' id='word_1_303' title='bbox 624 3731 848 3806; x_wconf 87' lang='lat' dir='ltr'><strong>Mittelbibrach,</strong></span> <span class='ocrx_word' id='word_1_304' title='bbox 864 3748 996 3792; x_wconf 81' lang='lat' dir='ltr'><strong>caesarea</strong></span> <span class='ocrx_word' id='word_1_305' title='bbox 1010 3732 1169 3808; x_wconf 70' lang='lat' dir='ltr'><strong>maiestatis</strong></span> <span class='ocrx_word' id='word_1_306' title='bbox 1189 3733 1351 3791; x_wconf 89' lang='lat' dir='ltr'><strong>commissa·</strong></span> 
     </span>
     <span class='ocr_line' id='line_1_34' title="bbox 177 3833 1352 3913; baseline 0.004 -22"><span class='ocrx_word' id='word_1_307' title='bbox 177 3833 247 3906; x_wconf 89' lang='lat' dir='ltr'><strong>rios,</strong></span> <span class='ocrx_word' id='word_1_308' title='bbox 272 3833 426 3893; x_wconf 86' lang='lat' dir='ltr'><strong>absolutos.</strong></span> <span class='ocrx_word' id='word_1_309' title='bbox 463 3834 594 3894; x_wconf 86' lang='lat' dir='ltr'><strong>Secundo</strong></span> <span class='ocrx_word' id='word_1_310' title='bbox 623 3833 699 3898; x_wconf 87' lang='lat' dir='ltr'><strong>inte&#39;r</strong></span> <span class='ocrx_word' id='word_1_311' title='bbox 726 3837 971 3913; x_wconf 89' lang='lat' dir='ltr'><strong>arehiepiscopum</strong></span> <span class='ocrx_word' id='word_1_312' title='bbox 991 3837 1191 3898; x_wconf 70' lang='lat' dir='ltr'><strong>coloniensem</strong></span> <span class='ocrx_word' id='word_1_313' title='bbox 1219 3842 1249 3896; x_wconf 93' lang='lat' dir='ltr'><strong>et</strong></span> <span class='ocrx_word' id='word_1_314' title='bbox 1274 3837 1352 3913; x_wconf 89' lang='lat' dir='ltr'><strong>ipsos</strong></span> 
     </span>
     <span class='ocr_line' id='line_1_35' title="bbox 176 3937 1350 4017; baseline 0.005 -21"><span class='ocrx_word' id='word_1_315' title='bbox 176 3937 314 3998; x_wconf 88' lang='lat' dir='ltr'><strong>hactenus</strong></span> <span class='ocrx_word' id='word_1_316' title='bbox 329 3953 442 3998; x_wconf 89' lang='lat' dir='ltr'><strong>errores</strong></span> <span class='ocrx_word' id='word_1_317' title='bbox 457 3940 566 4013; x_wconf 90' lang='lat' dir='ltr'><strong>aliquot</strong></span> <span class='ocrx_word' id='word_1_318' title='bbox 583 3955 647 3998; x_wconf 92' lang='lat' dir='ltr'><strong>cum</strong></span> <span class='ocrx_word' id='word_1_319' title='bbox 663 3942 810 4002; x_wconf 87' lang='lat' dir='ltr'><strong>extiterint</strong></span> <span class='ocrx_word' id='word_1_320' title='bbox 825 3949 854 4003; x_wconf 91' lang='lat' dir='ltr'><strong>et</strong></span> <span class='ocrx_word' id='word_1_321' title='bbox 867 3944 888 4001; x_wconf 94' lang='lat' dir='ltr'><strong>ii</strong></span> <span class='ocrx_word' id='word_1_322' title='bbox 903 3959 956 4017; x_wconf 91' lang='lat' dir='ltr'><strong>per</strong></span> <span class='ocrx_word' id='word_1_323' title='bbox 969 3947 1110 4002; x_wconf 88' lang='lat' dir='ltr'><strong>tractatus</strong></span> <span class='ocrx_word' id='word_1_324' title='bbox 1131 3942 1217 4002; x_wconf 91' lang='lat' dir='ltr'><strong>modo</strong></span> <span class='ocrx_word' id='word_1_325' title='bbox 1238 3957 1350 4015; x_wconf 85' lang='lat' dir='ltr'><strong>compo-</strong></span> 
     </span>
     <span class='ocr_line' id='line_1_36' title="bbox 178 4045 1351 4119; baseline 0.003 -16"><span class='ocrx_word' id='word_1_326' title='bbox 178 4045 226 4104; x_wconf 90' lang='lat' dir='ltr'><strong>siti</strong></span> <span class='ocrx_word' id='word_1_327' title='bbox 240 4045 311 4119; x_wconf 92' lang='lat' dir='ltr'><strong>sint,</strong></span> <span class='ocrx_word' id='word_1_328' title='bbox 336 4045 452 4105; x_wconf 87' lang='lat' dir='ltr'><strong>comites</strong></span> <span class='ocrx_word' id='word_1_329' title='bbox 472 4046 528 4105; x_wconf 91' lang='lat' dir='ltr'><strong>mei</strong></span> <span class='ocrx_word' id='word_1_330' title='bbox 547 4047 813 4116; x_wconf 84' lang='lat' dir='ltr'><strong>reverendissimam</strong></span> <span class='ocrx_word' id='word_1_331' title='bbox 828 4048 864 4107; x_wconf 89' lang='lat' dir='ltr'><strong>D.</strong></span> <span class='ocrx_word' id='word_1_332' title='bbox 880 4050 915 4108; x_wconf 85' lang='lat' dir='ltr'><strong>V.</strong></span> <span class='ocrx_word' id='word_1_333' title='bbox 932 4047 1036 4109; x_wconf 87' lang='lat' dir='ltr'><strong>obnixe</strong></span> <span class='ocrx_word' id='word_1_334' title='bbox 1056 4065 1120 4107; x_wconf 88' lang='lat' dir='ltr'><strong>eum</strong></span> <span class='ocrx_word' id='word_1_335' title='bbox 1140 4047 1216 4108; x_wconf 90' lang='lat' dir='ltr'><strong>omni</strong></span> <span class='ocrx_word' id='word_1_336' title='bbox 1231 4047 1351 4106; x_wconf 88' lang='lat' dir='ltr'><strong>submis-</strong></span> 
     </span>
     <span class='ocr_line' id='line_1_37' title="bbox 180 4151 1353 4235; baseline 0.002 -25"><span class='ocrx_word' id='word_1_337' title='bbox 180 4151 260 4210; x_wconf 89' lang='lat' dir='ltr'><strong>sione</strong></span> <span class='ocrx_word' id='word_1_338' title='bbox 279 4156 399 4225; x_wconf 83' lang='lat' dir='ltr'><strong>rogant,</strong></span> <span class='ocrx_word' id='word_1_339' title='bbox 423 4156 454 4210; x_wconf 90' lang='lat' dir='ltr'><strong>ut</strong></span> <span class='ocrx_word' id='word_1_340' title='bbox 477 4151 577 4211; x_wconf 88' lang='lat' dir='ltr'><strong>eadem</strong></span> <span class='ocrx_word' id='word_1_341' title='bbox 592 4151 629 4210; x_wconf 90' lang='lat' dir='ltr'><strong>D.</strong></span> <span class='ocrx_word' id='word_1_342' title='bbox 645 4154 680 4212; x_wconf 84' lang='lat' dir='ltr'><strong>V.</strong></span> <span class='ocrx_word' id='word_1_343' title='bbox 704 4154 781 4228; x_wconf 91' lang='lat' dir='ltr'><strong>apud</strong></span> <span class='ocrx_word' id='word_1_344' title='bbox 797 4169 951 4235; x_wconf 84' lang='lat' dir='ltr'><strong>caesaream</strong></span> <span class='ocrx_word' id='word_1_345' title='bbox 973 4154 1153 4228; x_wconf 86' lang='lat' dir='ltr'><strong>majestatem</strong></span> <span class='ocrx_word' id='word_1_346' title='bbox 1172 4151 1353 4212; x_wconf 89' lang='lat' dir='ltr'><strong>intercedere</strong></span> 
     </span>
     <span class='ocr_line' id='line_1_38' title="bbox 180 4254 1352 4334; baseline 0.006 -22"><span class='ocrx_word' id='word_1_347' title='bbox 180 4269 234 4328; x_wconf 92' lang='lat' dir='ltr'><strong>pro</strong></span> <span class='ocrx_word' id='word_1_348' title='bbox 250 4255 319 4329; x_wconf 91' lang='lat' dir='ltr'><strong>ipsis</strong></span> <span class='ocrx_word' id='word_1_349' title='bbox 343 4254 490 4331; x_wconf 81' lang='lat' dir='ltr'><strong>dignatur,</strong></span> <span class='ocrx_word' id='word_1_350' title='bbox 514 4272 571 4330; x_wconf 87' lang='lat' dir='ltr'><strong>qno</strong></span> <span class='ocrx_word' id='word_1_351' title='bbox 586 4273 711 4318; x_wconf 88' lang='lat' dir='ltr'><strong>caesarea</strong></span> <span class='ocrx_word' id='word_1_352' title='bbox 732 4261 868 4334; x_wconf 67' lang='lat' dir='ltr'><strong>maiestas</strong></span> <span class='ocrx_word' id='word_1_353' title='bbox 891 4274 945 4333; x_wconf 91' lang='lat' dir='ltr'><strong>pro</strong></span> <span class='ocrx_word' id='word_1_354' title='bbox 967 4274 1020 4319; x_wconf 91' lang='lat' dir='ltr'><strong>sua</strong></span> <span class='ocrx_word' id='word_1_355' title='bbox 1042 4258 1193 4318; x_wconf 87' lang='lat' dir='ltr'><strong>clementia</strong></span> <span class='ocrx_word' id='word_1_356' title='bbox 1215 4263 1244 4318; x_wconf 88' lang='lat' dir='ltr'><strong>et</strong></span> <span class='ocrx_word' id='word_1_357' title='bbox 1262 4257 1352 4319; x_wconf 92' lang='lat' dir='ltr'><strong>domi·</strong></span> 
     </span>
     <span class='ocr_line' id='line_1_39' title="bbox 182 4361 1354 4427; baseline 0.003 -7"><span class='ocrx_word' id='word_1_358' title='bbox 182 4375 285 4422; x_wconf 90' lang='lat' dir='ltr'><strong>norum</strong></span> <span class='ocrx_word' id='word_1_359' title='bbox 306 4362 564 4424; x_wconf 88' lang='lat' dir='ltr'><strong>commissariorum</strong></span> <span class='ocrx_word' id='word_1_360' title='bbox 585 4365 794 4427; x_wconf 89' lang='lat' dir='ltr'><strong>absolutionem</strong></span> <span class='ocrx_word' id='word_1_361' title='bbox 814 4367 908 4424; x_wconf 90' lang='lat' dir='ltr'><strong>ratam</strong></span> <span class='ocrx_word' id='word_1_362' title='bbox 928 4369 957 4424; x_wconf 90' lang='lat' dir='ltr'><strong>et</strong></span> <span class='ocrx_word' id='word_1_363' title='bbox 978 4361 1173 4426; x_wconf 83' lang='lat' dir='ltr'><strong>confirmatum</strong></span> <span class='ocrx_word' id='word_1_364' title='bbox 1194 4361 1302 4425; x_wconf 88' lang='lat' dir='ltr'><strong>habere</strong></span> <span class='ocrx_word' id='word_1_365' title='bbox 1324 4368 1354 4424; x_wconf 91' lang='lat' dir='ltr'><strong>et</strong></span> 
     </span>
    </p>
   </div>
   <div class='ocr_carea' id='block_1_3' title="bbox 0 0 1529 4894">
    <p class='ocr_par' dir='ltr' id='par_1_8' title="bbox 0 0 1529 4894">
     <span class='ocr_line' id='line_1_40' title="bbox 0 0 1529 4894; baseline 0 0"><span class='ocrx_word' id='word_1_366' title='bbox 0 0 1529 4894; x_wconf 95' lang='lat' dir='ltr'><strong> </strong></span> 
     </span>
    </p>
   </div>
  </div>
 </body>
</html>
