3028 4894
681 307 726 372 43

204 489 251 548 Ibi
264 493 348 550 carto
369 488 570 564 comperimus,
594 489 735 561 Jocunem
749 507 768 551 a
781 489 918 567 Hicbcn,
940 493 993 568 qui
1012 507 1076 552 cnm
1095 505 1202 567 genero
1218 489 1291 552 Wil-

121 593 211 654 belmi
225 593 347 669 comitis,
362 594 465 654 comite
478 593 646 658 Hermanno
660 613 679 655 a
693 595 813 658 Nueuar
827 597 948 673 abierat,
971 599 1031 657 vita
1044 598 1208 658 excessisse.
1238 599 1293 672 Qui

115 701 246 766 Joannes
259 698 414 761 Wilhelmo
429 699 534 774 comiti,
549 699 628 774 quod
641 705 723 760 vetus
738 703 800 775 ejus
815 719 954 778 congerro
968 707 998 762 et
1012 703 1166 763 multorom
1179 705 1292 777 pericu·

117 806 215 867 lortnn
229 821 302 880 pace
316 805 401 865 mucul
415 809 445 864 et
458 804 534 864 bello
549 805 643 864 socius
658 807 719 880 ipse
733 805 830 883 fuerit,
846 815 911 869 erat
924 825 1010 882 quam
1024 807 1217 870 charissimus.

209 911 289 970 Nota
302 908 339 970 de
353 909 470 970 tibicine
486 914 516 971 ct
528 911 701 971 marchionis
715 912 847 972 electoris
862 914 1046 974 marschalco.

208 1015 294 1076 Anno
313 1015 462 1089 superiore
484 1014 599 1074 Caesare
622 1017 653 1075 in
674 1017 801 1078 Saxones
822 1019 956 1080 ducante
976 1021 1132 1100 exercitum
1147 1021 1293 1094 Hispanus

120 1120 238 1196 quidam
255 1120 301 1196 (ut
316 1125 361 1179 est
375 1135 445 1194 gens
459 1121 632 1194 turpissimae
647 1122 805 1182 salacitatis
827 1130 857 1182 et
870 1123 1021 1184 ineffabilis
1035 1121 1170 1199 luxuriei)
1193 1125 1293 1185 rustici

122 1243 245 1287 uxorem
265 1231 413 1301 spectante
432 1227 536 1286 marito
558 1231 693 1302 stuprare
716 1233 836 1288 conatus
858 1233 911 1288 est.
950 1229 1032 1302 Quod
1054 1229 1155 1289 ridens
1170 1231 1293 1292 rusticus

121 1339 240 1406 arrepto
255 1332 353 1392 nescio
369 1347 426 1406 quo
441 1331 630 1392 instrumento
640 1332 799 1406 Hispanum
811 1330 939 1392 confodit
952 1350 986 1392 ao
998 1335 1070 1408 ipse,
1085 1340 1118 1393 ut
1132 1339 1192 1393 turn
1206 1335 1292 1394 uesti-

122 1444 170 1498 tus
192 1441 269 1512 erat,
291 1453 365 1512 equo
387 1437 514 1496 insiliens
534 1436 646 1512 aufugit
665 1442 696 1498 et
715 1437 795 1498 adN
817 1439 948 1498 comitem
969 1441 1087 1500 ueniens
1107 1437 1293 1500 infortunium

121 1561 208 1604 suum
221 1544 265 1603 illi
278 1543 418 1617 exposuit.
457 1540 560 1602 (lomes
584 1541 673 1617 igitur
695 1544 795 1602 rustici
814 1544 947 1604 misertus
970 1549 999 1602 et
1013 1543 1091 1618 quod
1106 1544 1142 1604 de
1155 1546 1293 1618 pauperie

122 1666 178 1710 sua
191 1651 425 1722 conquereretur,
442 1651 593 1706 coronatos
608 1653 732 1720 quatuor
747 1647 790 1706 illi
800 1648 929 1724 donavit,
939 1648 1053 1724 jubens,
1070 1651 1094 1709 si
1107 1655 1212 1726 posset,
1227 1649 1292 1726 plu·

120 1771 169 1816 res
184 1754 286 1815 horum
301 1753 467 1827 extirparet,
483 1757 513 1814 ot
527 1768 558 1812 se
573 1752 615 1811 illi
630 1753 819 1828 copiosiorem
839 1756 989 1827 pecuniam
1005 1754 1149 1816 daturum.

211 1857 432 1934 DomineDeus,
449 1859 583 1932 quonium
598 1874 681 1919 nemo
695 1859 859 1920 mortalium
873 1861 932 1919 suis
941 1859 1076 1935 operibus
1090 1861 1211 1922 salutem
1225 1875 1292 1921 cou-

121 1966 206 2040 seqci
221 1969 325 2039 potest,
340 1969 370 2024 te
385 1963 581 2038 deprecamur,
597 1979 665 2024 crea
677 1964 813 2025 mundum
828 1981 878 2024 cor
892 1967 923 2025 in
935 1967 1045 2026 dacem
1056 1971 1156 2026 nostra
1170 1971 1201 2026 ct
1213 1967 1292 2040 prin·

122 2071 212 2145 cipali
226 2070 330 2144 spiritu
343 2085 397 2129 nos
412 2054 557 2143 confirma,
573 2073 606 2128 ut
620 2060 662 2129 sic
676 2071 707 2128 in
720 2075 859 2144 tapetem
874 2071 1030 2132 habeamus
1044 2072 1074 2130 in
1088 2069 1148 2132 filio
1162 2077 1212 2130 tuo
1222 2070 1241 2130 J
1243 2085 1294 2132 esu

121 2181 153 2236 et
169 2193 232 2250 quae
249 2174 303 2234 tibi
316 2175 422 2248 placita
437 2179 513 2248 sunt,
534 2172 688 2248 amarante
703 2191 755 2235 nos
770 2177 873 2250 spiritu
887 2181 937 2237 tao
951 2177 1036 2250 bono,
1057 2191 1169 2250 semper
1183 2178 1292 2251 cogite·

121 2297 196 2340 mus.
235 2281 292 2354 Qui
313 2280 385 2341 vivis
404 2284 434 2338 ct
452 2294 557 2354 regnas
577 2278 657 2340 Dens
676 2297 749 2340 unus
770 2284 800 2340 et
819 2281 912 2340 turus
935 2281 966 2339 iu
990 2280 1165 2354 sempiterna
1184 2282 1292 2342 accub.

120 2386 224 2444 Amen.

210 2491 279 2549 xxix
292 2487 411 2564 Aprilis,
427 2503 491 2562 quse
505 2486 560 2548 fuit
575 2488 718 2549 dominica
731 2493 855 2563 canate,
871 2489 1054 2551 inMinorum
1068 2489 1174 2564 templo
1190 2488 1294 2549 diunis

120 2594 311 2671 interfuimus,
326 2595 376 2655 ubi
389 2596 482 2668 primo
492 2595 644 2668 praelector
653 2599 739 2668 caput
749 2593 903 2653 14Mattlr.
915 2595 1058 2668 integrum
1067 2595 1174 2670 populo
1186 2611 1222 2654 ex
1236 2609 1294 2654 am·

120 2701 199 2761 bone
213 2701 284 2774 legit
303 2713 337 2760 ac
356 2697 562 2760 conformarem
576 2698 719 2773 publicam
742 2705 772 2758 et
790 2698 1002 2758 obsecrationes
1016 2698 1113 2760 facere
1130 2699 1225 2774 jussit.
1239 2699 1294 2760 His

120 2807 246 2880 peractis
255 2806 282 2865 d.
291 2805 461 2866 Leonardus
470 2805 537 2864 huic
545 2805 576 2864 in
586 2808 724 2878 suggestu
738 2803 872 2878 succedit,
887 2804 937 2876 qui
950 2805 1084 2865 invocata
1098 2803 1187 2864 diuini
1201 2805 1292 2866 numi-

123 2911 170 2970 nis
190 2925 246 2985 cpe
267 2928 304 2970 ex
318 2912 411 2984 capite
426 2909 552 2970 secundo
566 2909 699 2969 Matthaei
714 2909 814 2987 (quam
828 2909 1032 2984 evangelistam
1053 2909 1129 2969 idem
1150 2927 1203 2984 pro
1218 2910 1294 2972 ordi-

126 3017 212 3076 naria
233 3016 369 3076 condona
390 3012 489 3091 babet)
513 3015 584 3090 legit
603 3015 667 3074 haeo
687 3013 789 3074 rerba:
812 3011 954 3074 Defuncto
976 3019 1072 3074 autem
1090 3013 1206 3075 Herode
1229 3031 1295 3076 ecce

124 3121 245 3195 angelus
261 3119 368 3181 domini
382 3119 543 3178 insomniis
560 3135 703 3194 apparens
713 3119 839 3194 Josepho
854 3120 884 3178 in
894 3119 1036 3194 Aegypto,
1051 3135 1142 3194 usque
1158 3121 1196 3180 ad
1209 3118 1294 3180 finem

123 3225 235 3298 capitis.
264 3223 377 3284 Deinde
398 3222 470 3284 adso
486 3226 544 3284 suis
565 3224 707 3284 coloribus
721 3223 868 3284 Herodem
887 3223 1029 3300 depingit,
1052 3225 1129 3298 quod
1142 3223 1230 3284 fuerit
1243 3243 1295 3285 rex

124 3329 227 3391 atheos
249 3334 447 3404 tyrannusque
467 3331 740 3404 nuomeutissimus‚
765 3335 866 3404 utpote
880 3330 929 3404 qui
943 3327 1113 3390 infanticida
1127 3345 1179 3388 nec
1200 3329 1295 3402 puello

124 3434 185 3494 filio
208 3435 325 3508 proprio
347 3436 524 3510 pepercerit,
547 3435 597 3507 qui
617 3435 812 3495 Menandrum
831 3440 861 3494 et
874 3433 1069 3494 Aristobolum
1088 3432 1162 3493 filios
1176 3449 1293 3508 suspen-

123 3538 171 3599 dio
186 3541 274 3598 vitam
288 3537 373 3599 finire
394 3539 538 3614 adegerit,
562 3540 612 3612 qni
636 3555 748 3600 omnem
762 3541 881 3614 stirpem
897 3538 1055 3598 davidicam
1069 3536 1206 3596 radicitus
1219 3551 1293 3612 prm·

122 3651 169 3704 ter
182 3659 290 3720 paucos
306 3645 433 3718 reliquos
449 3646 596 3718 extirpare
610 3645 765 3719 satagerit,
798 3644 837 3703 ad
851 3642 913 3701 hac
927 3647 1058 3704 senatum
1073 3641 1222 3716 dederim,
1241 3642 1296 3702 hoc

122 3755 169 3810 est
188 3751 372 3826 septuaginta
392 3750 536 3810 seniorum
558 3765 611 3824 per
633 3749 802 3810 occisionem
817 3747 977 3808 abstulerit.
1017 3748 1089 3808 Item
1113 3747 1190 3821 quod
1213 3749 1296 3808 annis

121 3855 220 3929 xxxvij
234 3855 345 3915 lucca
360 3854 517 3930 praefuerit,
534 3856 683 3915 remittens
698 3871 750 3915 nos
766 3853 961 3914 dehiscebat
977 3853 1014 3913 ad
1023 3852 1189 3929 dompnum,
1204 3855 1294 3914 Eusc-

122 3959 210 4035 bium,
226 3961 379 4035 loaippum
394 3960 621 4036 etAegesippum
632 3964 686 4020 etc.
709 3959 976 4020 JussitLeonardus
989 3961 1019 4020 in
1034 3959 1089 4020 hoc
1103 3959 1218 4020 Herode
1232 3961 1294 4020 lon·

122 4066 319 4140 ganimitatem
334 4065 530 4140 benignissimi
545 4065 592 4125 dei
601 4063 797 4140 'considerare
814 4066 863 4140 qui
877 4071 958 4126 tanto
972 4072 1102 4140 tempore
1116 4062 1297 4138 tyrannidem

122 4171 244 4230 bominis
259 4170 345 4244 hujus
360 4170 468 4244 tulerit,
485 4174 516 4232 et
531 4166 607 4242 quod
623 4168 693 4228 deus
707 4169 906 4243 peccatoribus
920 4171 1098 4244 poenitentiae
1120 4169 1213 4228 locum
1227 4183 1295 4227 con·

128 4275 221 4336 cadat.
245 4275 329 4335 Dixit
342 4276 410 4336 item
426 4276 462 4335 de
477 4289 615 4348 prospero
631 4290 764 4336 successu
778 4275 913 4350 Herodis,
937 4275 1045 4335 scilicet
1067 4272 1115 4346 qui
1130 4270 1238 4332 cesari
1251 4287 1297 4332 ac·

130 4381 310 4455 captissimus
331 4377 420 4455 foret,
447 4379 605 4456 pharisaeos
625 4385 656 4443 et
672 4378 821 4457 pontifices
842 4379 897 4440 sibi
914 4377 1044 4443 brenta
1062 4376 1192 4452 haberet,
1215 4383 1298 4438 caute
