2966 4900
651 357 717 424 225

99 549 199 594 rerum
214 537 345 596 mutatio.
377 536 435 598 Sed
450 541 494 598 est
509 535 636 614 (Christo
650 536 726 613 laus)
742 538 792 614 qui
805 540 888 603 nobis
901 543 1033 615 potentes
1047 545 1181 616 potenter
1195 556 1275 602 ever·

96 645 161 700 tere
176 645 281 714 potest.

188 743 299 804 Eadem
313 744 427 804 Jostum
443 744 532 819 Sophi
546 746 716 808 Wimariam
729 750 867 810 misimus.

188 849 299 910 Eadem
322 850 438 909 domina
459 866 558 910 sacrm
577 851 745 914 Wimariam
768 852 975 930 proficiscitur,
1005 871 1101 915 seeum
1128 854 1272 915 abducens

98 951 257 1012 Aemiliam
273 959 303 1015 et
316 955 430 1014 Annam
445 956 569 1016 Mariam
584 954 668 1017 filias.
691 959 818 1020 Uxorem
834 977 948 1036 quoque
963 961 1089 1022 doctoris
1104 960 1274 1021 Melchioris

97 1057 135 1118 de
152 1057 237 1118 Ossa.
260 1061 382 1120 Venturi
396 1076 510 1135 quoque
525 1062 695 1122 Wimariam
719 1070 803 1124 erant
824 1064 964 1140 Georgius
978 1067 1119 1128 Eruestus
1140 1067 1274 1140 princeps

97 1171 128 1224 et
141 1179 239 1224 comes
253 1164 284 1222 in
298 1165 490 1239 Henneberg,
514 1165 679 1226 Fridericus
694 1184 712 1227 a
727 1169 949 1244 Wangeuheim,
975 1171 1153 1230 consiliarius
1168 1170 1273 1228 ducum

97 1268 234 1328 Saxouiae
249 1273 279 1328 et
293 1268 342 1328 alii
355 1269 433 1328 inter
452 1267 541 1328 filiam
562 1270 680 1330 Henrici
706 1274 816 1332 comitis
831 1289 850 1333 a
865 1273 1084 1348 Schwartuburg
1098 1279 1127 1332 et
1143 1273 1271 1334 Grume-

95 1390 161 1432 rum
177 1373 310 1434 comitem
325 1390 343 1432 a
358 1375 577 1450 Schwartaburg
591 1391 678 1437 cansa
692 1375 767 1436 dotis
782 1379 883 1437 acturi.

188 1477 300 1538 Eadem
316 1485 347 1540 et
360 1479 502 1540 Hearicus
517 1496 536 1540 a
550 1479 722 1542 Wildenfels
737 1483 817 1543 abiit.

190 1583 295 1643 socrus
313 1589 517 1658 pernoctatum
536 1588 601 1644 erat
622 1584 700 1660 apud
714 1585 893 1646 Friderieum
908 1603 927 1647 a
940 1585 1111 1647 Witzleben.
1150 1577 1211 1644 Nos
1226 1585 1270 1643 in·

96 1689 187 1748 terim
203 1690 279 1748 inter
294 1703 373 1762 spem
386 1694 550 1764 metumque
566 1690 695 1763 suspensi
709 1691 753 1750 rei
768 1693 875 1751 exitum
890 1691 1118 1765 expectabamus.

188 1791 216 1852 A
231 1807 315 1852 coena
329 1808 392 1852 eum
408 1793 522 1854 domina
537 1793 573 1854 de
588 1793 783 1872 Wildenielss,
798 1795 859 1858 fiha
872 1799 934 1872 eius
947 1797 1116 1870 Margareta
1131 1811 1165 1856 ac
1179 1811 1271 1854 uxore

97 1897 157 1956 cibi
172 1897 325 1972 digerendi
339 1900 433 1972 gratia
447 1899 478 1958 iu
492 1914 587 1958 arcem
608 1899 653 1976 (ut
666 1900 782 1977 vocant)
803 1906 931 1962 veterem
950 1903 1069 1962 ibamus.
1107 1901 1164 1960 list
1176 1905 1273 1959 antem

97 2015 202 2062 murus
217 2003 278 2062 arci
293 2003 453 2078 proximus,
476 2003 526 2064 ubi
545 2003 639 2063 adhuc
657 2002 843 2068 fundamenta
864 2014 893 2068 et
911 2008 1049 2068 maceries
1069 2008 1194 2065 ruinosae
1213 2007 1270 2064 vis·

99 2112 201 2168 untur.
241 2107 288 2166 Ad
307 2107 391 2182 hujus
410 2109 516 2169 montis
540 2108 651 2170 radices
674 2112 705 2170 in
719 2112 890 2173 suburbanis
904 2112 1084 2173 Rudelstadii
1099 2110 1175 2172 aedes
1190 2107 1272 2168 nobi·

99 2213 172 2270 lium
197 2213 338 2274 aHeisen
360 2219 439 2287 sunt,
464 2230 536 2288 quas
557 2230 632 2272 nune
651 2213 807 2290 Georgius,
836 2217 971 2278 Ursulum
995 2216 1030 2276 de
1055 2215 1221 2288 Schouberg
1242 2215 1274 2273 iu

98 2331 221 2376 uxorem
237 2317 354 2392 hebens,
369 2317 521 2378 inhabitat.
560 2319 633 2378 Sunt
648 2324 678 2378 et
692 2321 736 2380 his
751 2321 892 2394 contiguae
906 2320 1006 2378 domus
1022 2316 1150 2392 Sigiiridi
1166 2317 1273 2377 Schen-

97 2420 171 2482 feldt
187 2428 217 2482 et
232 2421 358 2498 Philippi
372 2440 390 2483 a
405 2423 476 2483 Ten.
514 2423 715 2486 desidentibus
729 2424 818 2498 igitur
832 2425 914 2484 nobis
929 2426 959 2483 in
973 2429 1070 2483 monte
1085 2422 1205 2483 accessit
1219 2436 1273 2480 nos

98 2542 173 2601 puer
194 2525 324 2600 quidam,
353 2527 483 2588 indicam
507 2529 650 2602 quendam
672 2545 689 2588 e
713 2527 822 2588 familia
836 2531 971 2590 comitum
994 2527 1030 2588 de
1052 2526 1271 2598 Schwartuburg

99 2637 216 2707 petere,
239 2637 272 2690 ut
285 2648 331 2692 me
346 2634 498 2695 convenire
513 2635 613 2710 possit.
650 2635 776 2694 Puerum
792 2650 861 2708 ergo
874 2634 1050 2708 interrogari
1060 2633 1205 2708 jussimus,
1222 2646 1271 2689 cu·
1317 2665 1323 2686 ι

96 2737 215 2809 jusnam
229 2739 359 2798 minister
375 2744 462 2814 esset,
489 2739 541 2800 sed
556 2746 726 2814 anteaquam
741 2754 814 2814 puer
827 2739 865 2798 ad
879 2753 932 2797 nos
946 2755 1078 2798 reversus
1094 2743 1183 2810 esset,
1209 2738 1272 2810 ipse

100 2840 326 2916 Christophorns
340 2843 378 2902 ab
392 2843 574 2919 Entzenberg
589 2845 670 2906 nohis
685 2842 719 2903 fit
741 2844 854 2904 obuiam
868 2844 982 2902 nomine
997 2843 1108 2902 comitis
1123 2842 1167 2901 sui
1181 2841 1270 2900 Joau-

100 2947 144 3005 nis
160 2947 281 3006 Hearici
300 2947 551 3023 aSchwartubnrg
570 2956 600 3008 et
621 2950 658 3010 ab
672 2949 736 3023 ejus
755 2964 845 3008 uxore
860 2948 943 3008 uobis
959 2948 1080 3008 salutem
1096 2948 1193 3006 dicens
1208 2947 1271 3004 haec

100 3051 208 3110 attulit.
246 3051 438 3126 Posteaquam
459 3069 553 3112 eomes
578 3070 646 3112 suus
669 3055 827 3128 accepisset
850 3052 993 3113 dominam
1013 3068 1126 3113 socrum
1148 3067 1271 3127 peregre

6 3205 7 3240 r
100 3151 260 3228 profectam
276 3172 385 3230 nosque
401 3173 464 3215 eum
478 3173 568 3217 uxore
583 3163 682 3218 nostra
696 3159 802 3219 ibidem
823 3159 906 3232 quasi
928 3159 1056 3219 solitarie
1076 3157 1189 3232 degere,
1214 3171 1270 3230 quo

6 3259 7 3270 ¹
100 3260 162 3332 ipse
178 3275 274 3321 comes
295 3264 387 3322 nostri
408 3264 539 3322 notitiam
558 3263 665 3324 habere
684 3265 790 3340 possit,
812 3265 955 3338 peramica
977 3279 1042 3322 eum
1055 3268 1163 3336 petere,
1186 3259 1272 3320 ulad

6 3419 7 3436 ,
103 3363 180 3423 diem
199 3366 304 3426 Martis
325 3369 484 3442 proximum
506 3368 559 3428 snb
586 3384 735 3441 vesperam
755 3370 786 3426 in
808 3367 1061 3440 Leuehteuberga‚
1087 3366 1137 3424 ubi
1161 3369 1190 3423 et
1211 3370 1272 3422 tum

6 3485 8 3554 i
103 3470 220 3542 nuptias
234 3470 413 3544 pedissequae
428 3471 527 3530 uxoris
542 3488 601 3530 suae
615 3472 765 3531 habiturus
781 3475 865 3546 esset,
884 3470 986 3530 adesse
1002 3469 1206 3544 dignaremur.¹
1218 3467 1272 3525 His

6 3569 8 3604 ³
103 3572 209 3632 auditis
224 3575 317 3648 primo
332 3574 403 3635 hero
419 3592 471 3634 sno
485 3581 516 3635 et
530 3576 652 3635 domines
667 3577 776 3650 gratim
796 3590 883 3648 agere
894 3575 1040 3646 jussimus.
1079 3572 1162 3640 Talia
1176 3576 1272 3632 antem

7 3749 8 3768 Χ
103 3693 165 3736 esse
181 3678 266 3738 modo
287 3679 407 3754 negocia
431 3685 543 3754 nostra,
564 3685 597 3739 ut
611 3680 723 3740 ohoreae
742 3696 800 3739 nou
819 3681 1000 3754 peterentur,
1023 3692 1077 3736 nec
1099 3691 1212 3751 quoque
1226 3693 1272 3736 me

7 3769 8 3772 '
102 3783 191 3854 probe
206 3783 337 3842 edoctum
357 3800 420 3844 esse
441 3784 479 3844 ad
498 3785 649 3860 strepitum
668 3785 793 3859 cytharae
814 3782 980 3844 choree-tum
1004 3781 1108 3842 ducere
1122 3781 1272 3856 nymphas.

7 3873 8 3888 ¹
103 3885 175 3958 Qua
189 3893 284 3947 autem
295 3904 388 3948 eomes
404 3891 536 3964 petierat,
552 3890 743 3951 utAemiham
754 3890 862 3964 neptim
877 3904 966 3962 suam,
983 3903 1069 3962 quam
1082 3889 1144 3962 ipse
1159 3903 1175 3946 e
1190 3900 1272 3945 sacro

103 3988 281 4066 baptismatis
296 3990 375 4052 fonte
389 3994 528 4069 levasset,
549 3994 696 4054 nobiseum
710 3995 931 4068 adduceremus,
949 3993 1054 4053 dictum
1069 3996 1113 4051 est
1128 3991 1180 4064 illi,
1196 3989 1271 4046 hauc

105 4109 165 4154 cum
180 4101 271 4156 matre
285 4096 398 4158 abiisse.
438 4099 510 4171 Quia
530 4104 624 4160 autem
645 4099 700 4161 hoc
719 4116 857 4175 responso
875 4098 1096 4172 christophorus
1119 4093 1173 4152 sibi
1187 4093 1271 4152 satis·

104 4195 208 4260 iactum
224 4201 352 4277 nolebat,
366 4220 420 4278 per
436 4203 672 4280 Christophorum
681 4205 757 4281 Zier,
774 4205 844 4280 quid
856 4205 887 4264 in
900 4205 955 4263 hac
969 4218 1001 4261 re
1015 4197 1177 4260 faciendum
1190 4197 1274 4260 nobis

105 4318 141 4362 au
156 4321 239 4366 secus
255 4312 341 4382 esset,
357 4310 565 4384 respondimus.

189 4412 220 4469 ix
233 4411 304 4471 Julii
326 4413 394 4474 dum
414 4430 468 4490 per
489 4414 717 4489 hybemaculum
732 4429 830 4478 socrus
851 4418 983 4489 transeo,
1008 4408 1083 4473 forte
1103 4409 1220 4478 fortuna
1241 4410 1272 4466 in

145 4525 261 4571 wodor.
1020 4518 1060 4578 15
