3028 4894
719 352 763 418 83

148 540 284 610 tempore
298 538 466 597 tentationis
481 536 535 596 boc
549 535 694 596 recedant.
719 536 753 595 Id
767 541 796 594 te
811 551 946 608 rogamus
960 533 1164 610 pchhristum
1181 534 1325 597 dominum

149 647 293 700 nostrum.
318 643 419 703 Amen.

244 747 284 819 xij
293 747 366 820 Maji
381 749 411 805 in
427 750 533 823 templo
543 749 685 807 minorum
694 747 852 808 andimmus
862 749 1006 822 quendam
1017 725 1125 808 anobis
1135 748 1257 809 antebac
1268 765 1326 808 non

149 853 257 926 vnum,
281 853 331 924 qui
354 857 383 913 et
403 852 533 912 doctrina
551 858 582 913 et
604 855 732 914 oratione
752 871 810 914 non
830 855 963 914 indoctus
978 855 1138 914 videbatur.
1191 853 1327 926 Praelegh

150 963 252 1016 autern
267 957 396 1016 ecclesiae
412 975 447 1018 ex
462 960 562 1033 primae
577 959 697 1020 loannis
712 958 841 1033 epistolae
851 961 945 1034 capite
956 963 974 1018 2
985 960 1047 1019 haec
1056 961 1159 1019 verba:
1186 959 1231 1018 «E
1245 958 1330 1019 nobis

133 1060 277 1136 ‚proiecti
292 1066 368 1136 sunt,
385 1063 436 1122 sed
450 1081 509 1124 non
526 1069 609 1124 erant
624 1081 660 1124 ex
669 1065 760 1125 nobis.
806 1066 881 1126 Nam
896 1067 920 1124 si
943 1065 1066 1127 inissent
1087 1084 1125 1127 ex
1139 1067 1235 1141 nobis,
1259 1081 1324 1141 pcr-

150 1170 327 1229 mansissent
341 1170 442 1243 utiqne
458 1171 614 1245 nobiscum,
627 1172 679 1230 sed
693 1175 726 1229 nt
740 1170 882 1232 manifesti
896 1170 1008 1247 fierent,
1027 1174 1104 1246 quod
1118 1189 1176 1232 non
1192 1173 1250 1231 sint
1265 1187 1324 1232 om-

150 1289 208 1333 nes
218 1289 254 1334 ex
261 1274 373 1335 nobis.»
399 1275 510 1336 Deinde
527 1279 581 1336 ait:
600 1276 775 1351 charissimi,
790 1277 837 1336 bic
851 1293 1010 1351 monemur,
1026 1279 1128 1337 mirum
1138 1277 1220 1337 nobis
1235 1275 1327 1352 videri

151 1397 215 1439 non
230 1378 343 1455 debere,
361 1382 385 1439 si
400 1381 529 1440 nonnulli
544 1388 574 1441 et
595 1381 650 1442 hoc
673 1388 802 1455 tempore
817 1399 836 1442 a
849 1382 932 1442 nobis
946 1383 1093 1456 recedunt,
1116 1383 1165 1454 qui
1180 1380 1327 1440 nobiscum

153 1485 344 1559 Evangelinm
361 1487 485 1561 amplexi
494 1484 631 1560 *buerant
654 1486 720 1545 dom
736 1485 857 1560 idipsum
872 1491 1001 1561 tempore
1016 1485 1123 1546 christi
1138 1493 1167 1546 et
1181 1484 1325 1559 apostolo·

152 1605 221 1648 rum
236 1589 373 1649 accidisse
388 1592 546 1652 videamus.
568 1591 685 1665 Magna
700 1596 797 1650 autem
812 1592 1000 1652 consolationi
1019 1591 1101 1652 nobis
1120 1591 1166 1664 sit,
1191 1589 1267 1662 quod
1282 1587 1325 1647 di·

154 1695 214 1753 cit:
242 1694 312 1753 «sed
327 1711 363 1753 ex
377 1693 460 1756 nobis
476 1713 534 1756 non
550 1703 629 1770 sunt,
647 1713 745 1755 verum
761 1703 793 1757 ut
807 1675 1033 1771 manifestentur,
1056 1697 1104 1769 qui
1121 1711 1157 1754 ex
1171 1694 1252 1754 nobis
1267 1709 1326 1754 non

153 1804 253 1858 sunt.»
279 1799 435 1873 Nunquam
451 1803 497 1860 eni
507 1817 572 1859 mex
587 1801 673 1861 corde
688 1803 839 1861 veritatem
857 1803 998 1876 evangelii
1012 1804 1209 1875 susceperunt,
1226 1805 1256 1858 et
1270 1799 1324 1858 sci·

153 1922 220 1964 mus
236 1905 375 1978 ejusmodi
389 1903 501 1967 futuros
517 1911 546 1966 et
562 1907 705 1966 dominum
721 1912 750 1966 et
765 1906 910 1981 apostolos
924 1908 1102 1982 praedixisse.
1141 1905 1325 1964 Potissimum

153 2024 227 2071 vcro
249 2011 327 2070 hisce
348 2011 454 2070 ultimis
474 2012 650 2086 temporibus
675 2013 714 2070 sio
735 2011 914 2071 manifestari
939 2014 1067 2087 oportuit
1086 2013 1181 2072 odium
1203 2009 1274 2068 Cain
1295 2009 1326 2068 iu

154 2113 277 2176 matrem
291 2117 437 2176 innoxium
453 2116 581 2177 Abelem.
628 2117 674 2176 Sic
688 2118 897 2181 inhonestatem
914 2117 1002 2179 Oham
1016 2117 1046 2176 in
1062 2114 1218 2176 deridendo
1233 2115 1325 2188 turpi·

153 2221 286 2280 tudinem
301 2223 393 2296 patris
409 2220 509 2296 Noab,
534 2224 574 2281 sic
597 2239 710 2296 quoque
731 2225 842 2281 animus
861 2199 1015 2297 perversus
1038 2223 1130 2282 Saulis
1149 2222 1274 2281 innotuit
1295 2221 1326 2278 in

152 2327 357 2401 persequendo
372 2327 510 2401 optimum
525 2327 678 2402 Davidem,
704 2335 734 2387 ot
753 2344 803 2386 cor
816 2327 901 2386 ludae
923 2327 1078 2402 proditoris
1097 2328 1128 2384 iu
1146 2327 1326 2386 innocentem

155 2429 310 2490 Christum.
335 2431 550 2507 thuanquam
567 2433 698 2492 dominus
719 2434 793 2492 diem
818 2435 964 2506 statuerit,
987 2432 1036 2506 qui
1051 2447 1104 2491 neo
1119 2433 1219 2505 procul
1234 2431 1325 2505 abest,

154 2538 187 2595 in
203 2552 259 2609 qua
274 2543 441 2596 cunctorum
457 2538 513 2596 erit
525 2537 672 2611 judicium,
696 2543 793 2596 tamen
815 2539 896 2612 prins
916 2538 1074 2609 nequitiam
1089 2537 1229 2596 malornm
1244 2535 1327 2595 deco·

156 2647 286 2716 opertam
301 2642 371 2716 vult,
388 2649 421 2702 nt
435 2658 622 2717 agnoscamus
637 2643 788 2702 veritatem
804 2643 944 2701 dictorum
960 2640 1082 2700 Christi:
1106 2640 1187 2700 Nihil
1202 2644 1246 2698 ost
1260 2638 1325 2698 abs·

156 2746 315 2823 conditum,
349 2748 427 2821 quod
449 2764 507 2808 non
530 2750 676 2807 reveletur
695 2747 809 2807 domino
833 2746 888 2807 deo
908 2751 1007 2806 nostro
1023 2745 1175 2806 scrutatori
1198 2745 1326 2805 cordium

158 2858 187 2913 et
204 2852 355 2928 probatori
374 2869 489 2926 renum,
514 2869 551 2912 no
571 2853 713 2926 cogitatus
735 2852 848 2926 quidem
868 2858 982 2912 nostros
1004 2853 1164 2912 clamasse.
1202 2850 1282 2910 Siout
1296 2851 1325 2908 in

158 2956 281 3032 Saphira
294 2962 325 3017 et
340 2958 452 3018 Ananis
468 2959 625 3017 actornmd
642 2959 785 3032 apparuit,
803 2959 852 3031 qni
867 2959 1019 3018 subitanea
1032 2960 1063 3016 in
1078 2957 1259 3031 correptione
1273 2971 1327 3030 per

158 3061 276 3121 Petrum
291 3065 447 3135 perierunt.
468 3063 627 3138 Diseamus,
638 3065 740 3137 inquit,
756 3065 866 3123 cantius
881 3064 1011 3138 mercari,
1029 3069 1059 3122 et
1073 3067 1201 3123 actorum
1215 3067 1327 3122 nostro·

158 3181 220 3224 rum
228 3168 371 3226 rationem
381 3168 545 3228 habeamus.
571 3168 627 3227 Sed
642 3169 709 3242 qula
723 3168 753 3227 id
765 3186 801 3228 ex
811 3171 893 3230 uobis
903 3170 973 3242 ipsis
985 3185 1043 3228 non
1058 3182 1216 3242 possumus,
1233 3165 1327 3224 Deum

158 3270 365 3332 ardentissimis
380 3276 454 3334 votis
469 3275 623 3349 pulsemus,
640 3291 696 3347 quo
711 3275 843 3348 spiritum
858 3289 940 3332 suum
962 3275 1069 3334 bonum
1084 3274 1167 3333 nobis
1183 3271 1279 3344 donet,
1295 3272 1328 3326 nt

156 3377 186 3434 in
200 3373 347 3451 agnitione
364 3385 393 3438 et
407 3377 583 3439 confessione
599 3378 706 3439 Christi
721 3380 864 3438 constanti
877 3377 935 3438 lide
950 3392 1176 3452 permaneamus.
1207 3375 1270 3433 Neo
1284 3369 1326 3432 ol·

156 3481 308 3542 lendamur
333 3484 463 3559 exemplo
483 3484 671 3543 recidentium
692 3483 729 3542 ad
745 3485 871 3542 seculum
896 3489 925 3542 et
945 3484 975 3540 in
997 3482 1156 3539 tentatione
1180 3477 1327 3536 nobiscum

21 3605 22 3614 ¹
98 3643 104 3650 .
156 3589 313 3660 persistere
334 3591 499 3648 nolentium.
533 3589 677 3662 Rogemus
693 3590 775 3660 item,
794 3593 830 3646 nt
845 3587 963 3646 verbum
983 3599 1066 3643 suum
1080 3582 1162 3642 nobis
1178 3581 1284 3642 diutins
1300 3585 1330 3639 et

156 3693 321 3766 relinquere
337 3701 365 3754 et
378 3694 522 3768 impartiri
538 3694 682 3768 dignetur.
706 3691 847 3766 Attende,
864 3708 882 3749 o
897 3690 1023 3766 prudens
1039 3688 1238 3763 christisequa,
1254 3685 1328 3747 hanc

157 3797 314 3857 clausulam
330 3815 387 3858 non
404 3799 454 3859 abs
470 3817 502 3858 re
519 3815 536 3857 a
552 3798 800 3858 concionatoribus
815 3797 991 3870 Augustanis
1007 3794 1188 3855 concionibus
1203 3799 1234 3853 et
1247 3793 1330 3853 obse·

157 3905 335 3965 orationibus
349 3907 448 3978 populi
463 3906 559 3980 adjici,
575 3881 599 3963 si
614 3906 740 3963 animum
754 3907 852 3962 sertas
863 3908 892 3962 et
901 3900 1087 3976 retrospicias
1102 3899 1139 3959 ad
1153 3894 1328 3975 pontificium

158 4015 188 4068 et
200 4009 411 4084 Epicureorum
426 4010 561 4071 subdolos
578 4015 706 4084 conatus,
722 4013 869 4082 potentum
885 4007 1047 4067 vecordiam
1062 4010 1091 4065 et
1105 4006 1184 4078 vulgi
1199 4000 1328 4061 christia·

158 4131 260 4175 norum
276 4115 326 4192 (de
341 4117 375 4174 iis
391 4117 509 4191 loquor,
535 4116 583 4188 qni
605 4115 683 4189 vulgi
703 4115 849 4188 ingenium
870 4118 1043 4188 sequnntur,
1066 4108 1177 4170 etiamsi
1189 4107 1329 4176 trisreges

159 4221 216 4279 sint
229 4221 277 4281 uel
298 4218 455 4296 principes)
478 4220 515 4279 ad
536 4219 705 4279 Antichristi
729 4237 799 4294 opes
814 4221 1000 4294 respicientis,
1021 4222 1053 4276 et
1066 4213 1096 4274 id
1111 4211 1189 4288 apud
1205 4225 1264 4286 cos,
1279 4210 1330 4284 qui

160 4326 285 4398 potiores
301 4326 377 4385 inter
396 4342 448 4385 nos
468 4325 559 4384 videri
579 4326 686 4384 uolunt.
725 4325 788 4382 Hoc
804 4324 880 4383 Cotti
903 4323 943 4382 illi
967 4327 996 4380 et
1011 4321 1161 4394 diligentes
1176 4316 1258 4377 verbi
1270 4314 1330 4375 Ilei

161 4428 373 4504 dispensatores
388 4431 504 4504 lynoseis
520 4431 609 4490 oculis
624 4429 811 4504 prospiciunt.
840 4427 910 4485 Ideo
926 4425 1044 4486 oviculis
1060 4425 1219 4483 acclamant
1233 4427 1264 4480 et
1278 4435 1326 4480 eas

344 4517 347 4530 .
1064 4531 1082 4584 6
1099 4527 1115 4560 *
