2966 4900
650 371 714 438 eal

87 567 141 626 que
155 551 222 612 haec
236 553 353 613 mulitia
367 551 424 612 illis
439 549 557 627 suffieit,
579 557 629 613 ant
644 553 736 614 solum
749 553 795 627 bi,
817 554 867 627 qui
882 553 991 614 1111111
1004 552 1100 613 David
1118 555 1173 615 sibi
1187 557 1268 615 arro·

86 662 164 731 gent,
181 657 236 716 scd
251 657 286 716 hi
303 673 416 732 quoque
432 657 534 730 quibus
548 659 596 731 ius
610 675 745 734 maguum
760 660 837 719 necis
852 663 939 733 atque
954 659 1034 733 vita,
1050 660 1138 718 maris
1152 661 1270 732 inquam

87 765 115 820 et
128 766 218 820 terrae
236 761 356 823 dedisti.
371 760 384 798 1
404 762 565 836 Memento,
582 763 718 838 Domine,
735 763 995 824 misericordiarum
1009 769 1122 824 tuarum
1136 765 1269 838 antiquo·

86 882 149 923 rum
164 870 196 926 11
210 868 332 928 intuere
346 851 448 927 taciem
461 867 565 928 Christi
580 868 632 927 tui.
656 869 712 927 Vix
727 861 803 928 enim
817 869 943 943 pugillus
958 885 1059 929 manus
1074 871 1158 930 unius
1173 888 1270 930 sumus

88 976 188 1031 contra
202 976 320 1032 tentam
334 974 492 1047 potentiam
506 971 672 1045 pontificum
687 977 716 1032 et
730 989 931 1046 perversorum
947 971 1158 1034 Sodomitarum
1173 975 1268 1036 multi-

87 1075 225 1137 tudinem.
266 1078 405 1138 Amemus
425 1082 520 1138 autem
540 1079 658 1138 verbum
672 1084 753 1137 tuum
774 1095 861 1154 super
878 1095 960 1140 omne
982 1095 1083 1140 aurum
1098 1080 1225 1140 obrisum
1241 1085 1271 1140 et

89 1187 205 1242 cunctas
226 1181 358 1244 delicias.
397 1183 482 1242 Hunc
500 1182 570 1242 deus
589 1183 620 1241 in
634 1185 716 1244 nobis
735 1200 861 1244 amorem
880 1199 1001 1260 renova,
1026 1190 1059 1245 ut
1077 1185 1270 1246 custodiamus

88 1287 225 1348 mandata
240 1293 297 1347 tua
312 1294 342 1348 et
354 1287 421 1348 odio
436 1286 591 1349 babeamus
607 1305 705 1349 omnes
719 1290 780 1349 vias
795 1305 814 1348 a
828 1293 858 1350 11
874 1289 992 1349 alienas.
1030 1290 1167 1351 Famulos
1181 1291 1270 1364 igitur

89 1394 161 1466 tuos,
177 1407 195 1450 o
211 1393 297 1467 deus,
314 1394 402 1452 turris
416 1391 594 1452 fortitudinis
609 1396 734 1454 omnium
749 1395 926 1470 sperantium
941 1395 970 1453 in
984 1399 1023 1468 te,
1039 1401 1157 1470 protege
1173 1399 1202 1454 et
1216 1410 1269 1454 nos

89 1495 118 1552 in
131 1496 205 1556 Jesu
220 1497 342 1559 Christo
357 1498 470 1559 domino
486 1503 585 1558 nostro
603 1503 633 1558 et
647 1500 750 1574 spiritu
764 1505 814 1559 tuo
833 1505 933 1560 sancto
947 1499 1111 1573 consolare,
1133 1500 1183 1572 qui
1196 1499 1270 1561 vivis

91 1605 119 1658 et
132 1616 240 1676 regnas
256 1602 330 1662 deus
345 1604 438 1664 trinus
453 1607 483 1662 et
496 1619 568 1663 unus
583 1604 660 1664 idem
677 1604 844 1665 benedictus
858 1605 890 1662 in
905 1606 1010 1664 secula.
1034 1605 1135 1664 Amen.

176 1708 353 1769 Methodum
366 1714 461 1768 autem
483 1708 604 1796 docendi
627 1708 757 1769 domiuus
771 1707 907 1770 Albertus
930 1714 1040 1783 servat,
1066 1725 1124 1782 qua
1145 1709 1193 1768 vix
1213 1707 1271 1769 alia

92 1809 210 1872 docendi
222 1815 402 1890 simplicibus
415 1815 598 1875 commodior.
613 1815 711 1874 Primo
723 1817 798 1876 enim
808 1832 872 1876 oum
881 1819 1047 1890 suggestum
1062 1814 1268 1889 conscenderit,

90 1917 169 1989 jubet
183 1937 293 1981 nomen
309 1920 416 1980 domini
434 1921 578 1995 invocari,
602 1927 635 1980 ut
649 1920 732 1982 verbi
749 1920 878 1982 auditum
893 1927 922 1982 11
937 1922 1143 1982 incrementum
1162 1922 1267 1997 impar·

92 2023 138 2080 tiri
152 2023 308 2099 dignetur,
325 2042 382 2099 quo
396 2025 467 2086 illud
481 2040 592 2099 quoque
608 2025 753 2088 auditores
768 2028 809 2088 ita
823 2027 854 2088 in
868 2041 918 2086 oor
932 2027 1129 2087 transmittere
1144 2025 1267 2099 valeant,

93 2130 124 2184 ut
136 2129 183 2187 vel
200 2131 295 2190 semel
314 2148 378 2204 quae
397 2131 537 2191 docentur
556 2133 696 2207 incipiant
714 2130 821 2193 fecere.
859 2130 972 2192 Deinde
992 2147 1057 2205 ques
1078 2131 1205 2191 (11111111
1226 2134 1271 2189 est

95 2233 233 2310 praelegit.
276 2237 347 2296 Post
359 2237 511 2298 lectionem
525 2238 691 2297 brevissime
706 2253 844 2298 summam
858 2237 947 2298 totius
961 2237 1092 2296 lectionis
1107 2236 1268 2311 complecti·

96 2341 150 2398 tur.
186 2340 305 2402 Deinde
326 2342 464 2418 ostendit,
486 2348 557 2416 quot
573 2343 711 2402 doctrina
732 2344 779 2404 vel
798 2344 854 2404 loci
868 2343 906 2402 ad
927 2339 1143 2402 edificationem
1158 2337 1224 2398 tidei
1240 2344 1269 2399 et

97 2443 159 2503 vitae
170 2448 319 2520 praelectis
333 2448 421 2507 insint
432 2448 633 2508 dilucidissime
645 2452 772 2520 1111111,
787 2464 821 2507 11
833 2452 894 2507 tum
906 2446 1018 2507 demum
1027 2449 1123 2506 textus
1136 2445 1270 2518 explana·

98 2547 201 2608 tionem
223 2552 367 2613 verbotim
390 2552 571 2628 aggreditur,
595 2569 629 2612 cc
652 2558 797 2626 postremo
823 2570 876 2628 per
897 2549 1012 2612 modum
1035 2550 1141 2626 epilogi
1164 2550 1268 2624 omnia,

99 2667 159 2724 quse
175 2655 290 2730 docuit,
307 2658 390 2730 quasi
404 2658 435 2716 in
449 2655 613 2718 fasciculum
628 2657 745 2732 colligit.
877 2735 879 2739 Ι

182 2761 297 2838 Eadem
315 2763 509 2822 tristissimum
530 2763 648 2823 allatum
667 2767 712 2823 est
732 2763 865 2822 nuncium
885 2769 915 2822 et
932 2762 970 2823 ad
985 2759 1098 2822 Gallum
1113 2762 1270 2822 Barretern

100 2876 133 2919 ex
146 2864 315 2942 Witeberga
336 2868 444 2943 scripta
463 2869 551 2928 missa
566 2873 648 2942 suut,
672 2868 775 2943 quibus
790 2885 881 2930 caesar
896 2875 926 2928 et
940 2869 1199 2943 Witebergensium
1212 2861 1226 2902 ²
1241 2870 1271 2926 et

100 2964 288 3041 Lypsensium
309 2973 505 3033 univcrsitatis
526 2973 667 3047 theologis
685 2989 854 3034 consensum
873 2975 950 3036 illius
970 2975 1047 3035 omni
1065 2976 1114 3049 pio
1133 2970 1270 3034 horrendi

100 3068 216 3135 Interim
230 3079 328 3153 exigit,
345 3077 464 3152 addens,
481 3078 505 3136 si
520 3079 576 3152 ipsi
591 3094 699 3138 morem
714 3097 815 3154 gerere
825 3085 958 3156 renuant,
973 3079 1044 3140 ferri
1056 3085 1085 3140 11
1096 3079 1181 3139 uudae
1197 3094 1271 3152 prae·

100 3180 142 3236 ter
155 3177 284 3242 flammas
299 3184 401 3244 minas.
429 3185 501 3242 Item
516 3189 715 3258 argumentum
729 3183 829 3246 formae
841 3187 1007 3262 juramenti,
1023 3186 1102 3262 quod
1116 3181 1269 3246 sacrificuli

100 3279 249 3348 interimici
263 3295 402 3363 prestare
417 3288 554 3364 debeant,
571 3305 685 3363 quoque
699 3291 917 3354 Rudelstadium
930 3294 1047 3356 missum
1063 3299 1116 3354 est.

186 3393 349 3469 consurge,
366 3393 494 3469 domiue,
515 3400 545 3454 et
559 3394 660 3456 cedros
675 3395 780 3457 Libani
794 3395 951 3473 confringe.

185 3499 290 3559 Allatee
305 3505 373 3559 sunt
386 3505 416 3560 11
430 3501 533 3561 litterae
549 3516 567 3558 a
582 3500 699 3559 doctore
712 3501 872 3560 Melcbiore
888 3499 970 3561 Ossa.
1000 3499 1029 3558 l
1042 3499 1165 3572 prandio
1181 3498 1268 3560 Oaro-

101 3595 143 3658 lus
157 3618 175 3663 a
189 3603 325 3665 Gleioben
340 3611 370 3664 et
383 3605 551 3680 Walpurgis
566 3620 639 3663 uxor
656 3602 885 3668 Graniohfeldam
900 3607 1042 3678 repetunt.

187 3709 300 3784 Soccus,
318 3710 514 3784 sigismundus
529 3706 706 3784 1111111111,
722 3707 864 3768 Henrious
878 3724 898 3768 a
910 3705 1079 3768 Wildeniels
1094 3713 1124 3768 et
1138 3707 1269 3770 Eubulus

103 3809 266 3875 ewaldeek
280 3831 344 3874 cum
358 3830 449 3875 uxore
462 3820 492 3874 et
504 3813 651 3876 sororibus
661 3818 691 3874 et
702 3812 816 3876 filiabus
825 3815 946 3875 Joonnis
954 3814 1073 3876 Henrioi
1087 3815 1271 3876 aSohwartz·

103 3909 173 3990 burg
186 3921 277 3994 aprici
291 3921 419 3994 gramine
439 3921 532 3993 campi
552 3935 583 3980 se
599 3919 781 3986 delectabant
801 3936 835 3980 ao
849 3921 880 3979 in
894 3921 998 3982 Renna
1015 3918 1131 3984 tluviolo
1151 3936 1269 3980 cancro·

103 4030 162 4079 rum
176 4025 384 4086 multitudinem
398 4042 472 4100 pene
486 4030 568 4086 tauto
582 4023 697 4085 tluriolo
713 4025 851 4098 imparem
865 4041 976 4101 cepere.

186 4129 223 4204 vij
237 4130 308 4190 Julii
322 4131 497 4190 mulierculae
512 4129 769 4190 antemeridianum
783 4136 894 4207 tempus
909 4132 1018 4192 balneis
1032 4130 1221 4203 insumebant,
1237 4134 1271 4189 ut

104 4223 221 4296 i11hisoe
238 4236 404 4311 regionibus
423 4236 479 4297 boo
499 4249 589 4310 geuus
607 4234 669 4296 iore
687 4217 852 4312 aquaticum
872 4236 941 4311 quid
959 4235 1066 4297 babere
1085 4233 1214 4310 uidetur,
1237 4239 1272 4297 ut

674 4374 691 4410 „
774 4387 777 4394 .

173 4460 185 4508 1
204 4455 295 4512 1111111
313 4460 342 4511 in
360 4457 407 4512 der.
423 4458 464 4512 hs.
537 4463 552 4512 2
572 4475 589 4511 a
605 4458 704 4522 witeb.
721 4473 749 4511 a.
763 4473 785 4511 a.
798 4474 829 4510 rr.
901 4499 904 4504 .
