2940 4900
649 339 712 404 105

88 521 115 578 in
137 520 273 580 absentia
302 521 434 596 ipsorum
459 522 555 582 illatas
576 521 696 597 injurias
724 523 818 582 comiti
843 540 862 582 a
883 523 1003 582 Nasson
1031 523 1263 597 conquerulatum

87 625 189 685 abiere.

172 731 283 790 Florus
307 731 424 806 librum,
447 733 478 791 iu
498 745 555 806 quc
575 730 729 791 herbarum
749 729 848 806 ligure
870 733 928 792 suis
948 731 1090 792 coloribus
1110 733 1148 792 ad
1170 735 1265 794 vivum

88 835 205 910 dapioa
220 841 311 896 ιιιιιι
327 842 359 897 ιι
373 839 460 898 alium
474 837 504 895 iu
518 853 554 898 re
566 837 678 896 medica
691 836 862 898 revendidit

171 940 316 1001 carolum
331 959 351 1002 a
366 941 499 1002 stockem
518 943 587 1015 quia
602 943 706 1017 saepius
725 943 905 1002 invitavimus
924 959 960 1001 ne
977 943 1099 1003 morosis
1113 945 1264 1002 murmuri-

89 1046 140 1104 bus
151 1062 224 1106 aura
240 1047 379 1121 daretur,
402 1063 457 1122 pro
473 1049 605 1123 expensis
619 1047 708 1122 ipsius
724 1063 873 1108 oeconomo
888 1047 971 1107 Josto
990 1045 1165 1107 Oolbachero
1180 1045 1263 1108 flore

89 1165 150 1208 num
166 1166 292 1210 aureum
308 1151 452 1212 dedimus.

171 1256 291 1316 Eadem
307 1256 508 1332 Milchliugum
526 1257 565 1316 ad
584 1257 685 1317 domm
704 1259 859 1318 Ernestum
879 1275 932 1331 pro
946 1261 1038 1317 literis
1059 1263 1113 1317 ete.
1129 1259 1264 1330 misimus,

90 1361 137 1420 sed
154 1359 278 1420 lrmtia.
319 1361 431 1422 Eadem
451 1362 574 1422 famulus
593 1362 733 1422 licentiati
754 1363 866 1422 Nicolai
887 1362 981 1421 Maior
1002 1363 1138 1435 scriptum
1158 1362 1265 1435 suppli·

91 1465 206 1524 cationis
228 1465 372 1527 adferens
391 1467 575 1528 atrebatensi
595 1467 687 1527 nostri
706 1468 821 1526 nomine
841 1466 1025 1527 offerendum.
1056 1466 1176 1524 Famulo
1191 1467 1266 1525 batzi

92 1568 214 1630 cerdati
230 1576 312 1631 sunt.

175 1674 313 1736 Maxima
328 1676 383 1736 Dei
397 1678 489 1750 patris
503 1678 548 1736 ira
563 1682 593 1736 et
612 1683 712 1736 nostra
732 1675 817 1753 (proh
839 1673 932 1751 dolor)
954 1675 1163 1749 impoenitentia
1183 1673 1265 1734 effec-

93 1783 149 1836 tum
163 1785 217 1864 est,
234 1788 270 1840 ut
285 1781 386 1842 videre
402 1786 479 1841 esset
493 1783 548 1842 hoc
561 1783 624 1855 ipso
640 1782 696 1856 die,
720 1779 894 1841 cardinalem
910 1780 1108 1854 Augmtanum
1123 1797 1141 1839 a
1156 1780 1265 1838 Truck·

18 1909 19 1914 κ
94 1899 136 1941 ses
150 1892 366 1946 sacramentum
381 1885 427 1964 (ut
441 1888 495 1960 ipsi
509 1879 678 1960 loquuntur)
691 1883 913 1946 confirmationis
926 1885 1134 1958 administrare,
1144 1890 1174 1944 et
1185 1891 1267 1946 tanta

94 1989 227 2050 sanctitas
248 2007 306 2064 per
327 2007 358 2051 se
378 1993 408 2052 id
426 1990 521 2051 iacere
537 1992 655 2065 dignata
678 1997 729 2064 est,
754 1979 880 2050 cumvix
895 2007 982 2048 uuum
994 1991 1057 2063 J'ota
1071 2006 1160 2049 sacras
1176 1992 1266 2065 scrip-

17 2093 19 2100 ’
96 2096 162 2152 turs
177 2112 233 2169 pro
249 2103 390 2171 suggestu
412 2095 467 2155 fari
488 2097 602 2157 audeat.
636 2095 773 2156 Curatum
793 2103 888 2156 autem
910 2097 947 2155 ab
970 2113 1003 2155 eo
1026 2100 1079 2169 ιιι,
1103 2101 1135 2154 ιι
1155 2097 1179 2154 si
1192 2095 1267 2157 forte

17 2221 18 2238 ι
96 2196 255 2271 Augustani
274 2201 344 2261 huic
363 2203 487 2262 vesaniae
508 2219 566 2263 non
585 2203 680 2262 statim
704 2202 930 2274 subscriberent,
953 2202 1054 2258 rustici
1074 2201 1180 2260 Bavari
1204 2219 1268 2260 curo

17 2379 18 2386 ἵ
98 2303 152 2360 suis
165 2303 266 2366 liberis
284 2304 426 2381 adforent,
450 2307 527 2381 quod
542 2310 572 2365 et
590 2305 696 2366 ιιιιιιι
717 2312 769 2366 ιιι.
801 2305 964 2365 Ferebatur
984 2321 1096 2378 quoque
1116 2307 1267 2366 nonnullos

17 2425 19 2472 t
99 2420 151 2466 aere
166 2425 229 2470 esse
250 2411 419 2486 conductos,
444 2415 477 2470 ιι
491 2411 569 2470 banc
588 2413 779 2472 caerimoniem
800 2411 987 2485 susciperent.
1025 2410 1144 2483 Reperti
1158 2415 1225 2468 sunt
1240 2416 1269 2470 et

100 2510 169 2571 iuter
190 2516 270 2576 cives
293 2515 492 2592 Augustanos,
517 2518 566 2590 qui
588 2517 625 2577 ob
646 2517 701 2575 hoc
723 2516 895 2576 dominicum
916 2513 1133 2587 frequentarent
1156 2514 1268 2586 signum

102 2615 322 2682 confirmationis
337 2637 397 2680 sure
411 2620 539 2696 perfidiae
554 2623 584 2680 in
600 2620 743 2682 christum
759 2637 777 2680 a
792 2619 937 2679 cardinale
952 2619 1133 2692 excipientes.

182 2725 209 2784 A
231 2727 357 2802 prandio
377 2742 445 2786 vero
466 2725 592 2786 Michael
610 2726 658 2786 ille
678 2723 794 2784 ficuum
814 2724 974 2798 Moguntiae
994 2721 1100 2797 praesul
1119 2721 1204 2796 huJus
1224 2721 1267 2782 ia·

102 2824 170 2886 bulas
184 2833 453 2907 corypbaeumegit.
1262 2855 1265 2863 ·

184 2935 319 3010 Domine,
335 2951 506 3010 usquequo,
528 2951 595 2995 num
610 2938 639 2995 in
656 2942 825 3011 perpetuum
841 2937 885 2996 ira
900 2941 951 2995 tua
967 2933 1121 2995 desaeviet?
1152 2933 1269 3007 Exurge

105 3039 238 3111 ctjudica
252 3045 373 3102 terram!
403 3041 465 3102 Nos
485 3042 601 3114 quidam
621 3022 750 3100 mufusio
770 3041 861 3116 decet,
884 3042 964 3117 impii
985 3046 1089 3114 autern,
1113 3039 1267 3112 odcmine,

19 3225 20 3236 ἵ
105 3157 199 3205 nomen
213 3153 296 3207 tuum
314 3146 560 3220 blasphemabunt,
584 3146 722 3206 ιιιιιιιιε
745 3147 812 3206 Non
832 3152 877 3206 est
898 3145 954 3204 illis
975 3161 1041 3220 spes
1061 3146 1091 3204 in
1111 3144 1175 3204 Deo
1194 3145 1269 3218 ipso·

19 3237 20 3266 ³
107 3260 171 3307 rum.
201 3251 338 3312 Omnibus
352 3267 407 3327 por
422 3251 565 3311 Christum
579 3253 695 3326 ignosce
710 3256 740 3310 et
759 3253 881 3312 nominis
899 3253 942 3310 tui
961 3252 1081 3324 gloriam
1100 3265 1204 3309 assere.
1236 3248 1269 3307 Id

107 3354 277 3430 teropamus
291 3356 329 3416 ob
344 3356 488 3417 Christum
504 3357 647 3418 domiuum
663 3363 800 3416 nostrum.
832 3357 933 3416 Amen.

187 3460 421 3522 constantienses
436 3464 553 3544 ¹esteris
568 3461 685 3522 urbibus
706 3465 801 3522 animo
821 3463 1013 3523 constantiore
1032 3457 1042 3494 ¹
1063 3458 1177 3516 interim
1197 3455 1269 3514 illud
1365 3453 1375 3466 ⁴

20 3623 21 3628 ,
109 3573 164 3621 ttae
175 3563 317 3625 deantur.
340 3563 421 3625 Deus
436 3566 492 3624 illis
507 3570 697 3628 constantiam
711 3566 778 3626 fidei
794 3583 825 3625 se
839 3566 955 3640 dignam
969 3563 1111 3638 impartiri
1126 3561 1268 3635 dignetur.

188 3671 247 3744 xxij
263 3671 336 3744 mni
356 3672 482 3731 Joanncs
501 3671 593 3732 irater
614 3678 643 3732 et
663 3689 716 3747 ego
736 3672 865 3731 concioni
884 3685 974 3729 sacrae
994 3666 1170 3742 Wolffgangi
1187 3665 1268 3725 Mus·

112 3771 160 3830 coli
174 3775 403 3852 interfueramus,
427 3777 476 3850 qui
491 3793 527 3836 ιι
541 3794 604 3853 cap.
626 3780 664 3836 15
683 3777 805 3838 loannis
820 3777 881 3836 base
896 3771 999 3834 verbaz‘
1023 3774 1073 3834 «si
1093 3775 1156 3847 quis
1177 3775 1206 3833 in
1225 3789 1271 3832 me

113 3887 163 3936 non
176 3882 322 3955 manserit,
347 3881 455 3955 eiectus
470 3882 606 3944 ostiarus
622 3884 695 3942 sieut
709 3884 818 3959 palmes
834 3886 863 3941 et
878 3883 999 3956 exaruit,
1023 3885 1053 3941 et
1071 3881 1206 3955 colligant
1221 3897 1270 3938 eos

112 3983 175 4043 etin
189 3987 283 4061 ignem
297 3987 453 4060 conjiciunt
467 3994 497 4046 ιι
511 3985 633 4048 ardent«
651 3994 705 4048 ete.
723 3989 896 4063 explanavit,
912 3986 1016 4046 docens
1031 3985 1174 4080 quomodo
1188 3985 1269 4042 Chri·

21 4165 22 4170 ¹
113 4088 164 4146 iius
178 4091 320 4165 prioribus
336 4091 430 4151 verbis
446 4095 590 4166 apostolos
606 4093 697 4152 amice
712 4095 881 4154 adhortatus
897 4093 934 4152 sit
947 4094 978 4150 in
996 4090 1179 4149 similitudine
1194 4089 1269 4160 vitis,

113 4193 178 4254 alut
195 4197 226 4256 in
245 4197 309 4271 ipso
329 4202 479 4256 manerent
498 4213 531 4256 ac
551 4197 675 4258 boatum
695 4199 725 4258 in
747 4199 918 4270 auferrent,
942 4213 977 4255 ac
996 4210 1060 4269 queo
1081 4192 1270 4253 emolumenta

676 4329 692 4366 ι

177 4415 188 4461 1
208 4417 300 4465 contro
316 4413 439 4464 iuterim?
