2940 4900
694 289 757 354 103

222 474 290 534 Hac
304 473 351 534 die
366 474 457 547 ummo
472 472 520 532 hic
533 470 799 554 praestantissimum
814 471 949 530 viromd.
965 473 1104 534 iacobum
1120 475 1226 547 suurn,
1242 489 1309 548 pro-

120 579 282 638 consulem
296 578 570 652 Asgentoretensem
585 575 715 636 vidimus.
753 578 861 636 Verum
880 576 905 634 is
926 579 1017 637 nostri
1036 579 1141 643 oblitus
1161 585 1234 653 erat,
1258 596 1311 639 nec

119 680 197 742 dum
216 685 356 756 temporis
371 683 417 742 vel
431 683 486 756 ipsi
501 682 547 740 vel
561 682 643 741 nobis
658 682 885 755 venustissim
899 682 975 741 inter
990 699 1073 742 sacra
1087 684 1248 748 molestare.
1285 739 1292 746 ,.

224 789 353 848 Pransns
369 794 414 847 est
427 786 574 848 nobiseum
590 787 710 846 Carolus
725 805 743 846 a
759 787 920 846 Stockhem.
952 787 1122 862 ,iurandis
1142 789 1240 848 hortos
1258 788 1309 846 Ja-

120 891 194 953 cobi
220 892 313 952 Adler
335 898 366 952 et
387 894 447 952 Viti
469 893 589 952 Witticli
611 875 760 952 edonideis
783 891 875 952 hortis
898 909 956 952 non
979 895 1067 953 multo
1092 894 1244 954 dissimiles
1266 895 1308 954 vi-

119 996 237 1056 dimus.
763 1005 766 1014 ’
1025 986 1027 995 ’

123 1172 127 1176 ,
222 1100 273 1162 Ad
292 1103 407 1162 tertiam
425 1100 655 1178 pomeridianum
674 1101 703 1160 d.
724 1101 882 1177 Masculus,
906 1101 983 1176 quod
1001 1103 1143 1176 reliquum
1164 1107 1227 1161 erat
1241 1119 1308 1160 con·

120 1206 235 1280 cionis,
258 1207 388 1266 absolvit.
422 1205 479 1266 Sed
495 1203 691 1282 (prohdolor)
707 1223 760 1266 nos
775 1207 829 1265 toti
844 1222 902 1266 non
923 1205 1082 1266 ederamus.
1113 1207 1244 1282 Urgebat
1258 1224 1309 1267 su·

121 1317 187 1372 tem
213 1295 270 1370 hoc
289 1311 326 1370 de
346 1311 520 1370 unanimiter
540 1310 722 1384 congregatis
744 1309 857 1380 dicensi
876 1312 943 1370 Non
965 1327 1071 1385 omnes,
1097 1312 1145 1384 qui
1167 1313 1198 1370 iu
1212 1312 1309 1384 aliqua

121 1432 158 1475 re
193 1416 378 1474 consentiunt
407 1421 437 1475 et
463 1415 592 1490 ejusdem
619 1415 717 1502 usnimi¹
733 1421 814 1487 sunt,
842 1417 984 1490 recipiunt
1010 1417 1141 1489 spiritum
1169 1420 1307 1475 sanctum.

123 1521 207 1580 Nam
231 1525 262 1580 et
280 1519 415 1593 pharisaei
437 1525 468 1579 et
485 1518 633 1594 pontifices
652 1520 805 1594 potiorque
825 1536 893 1594 pars
913 1520 1011 1594 populi
1024 1520 1140 1580 ludoici
1161 1522 1308 1580 unanimes

123 1630 218 1686 erant
233 1627 360 1684 etmulti
375 1626 434 1699 alli,
457 1625 560 1698 quibus
574 1623 650 1684 forte
664 1625 740 1685 idem
755 1626 866 1684 animus
882 1626 912 1684 in
926 1641 979 1685 sua
993 1642 1081 1684 caum
1095 1631 1166 1698 erat,
1190 1627 1221 1686 iu
1235 1625 1308 1684 urbe

123 1729 331 1803 Hierusalem
360 1746 460 1790 verum
486 1730 525 1790 ad
552 1731 686 1805 exiguum
707 1729 788 1790 illum
809 1746 924 1804 gregem
947 1732 977 1791 in
1001 1729 1113 1791 Christo
1135 1732 1308 1791 unanimiter

126 1841 342 1911 congregatum
362 1836 441 1894 venit
460 1834 577 1908 spiritus
597 1838 721 1894 sanetus.
751 1834 819 1894 Non
838 1836 913 1894 enim
932 1835 1024 1896 omnis
1038 1836 1106 1896 nnio
1120 1835 1184 1895 Deo
1203 1836 1307 1926 placet,

126 1939 183 2000 sed
201 1955 237 2000 ea
252 1943 372 2014 tantum,
396 1956 459 2013 quae
475 1939 607 2001 consistit
621 1944 650 2000 et
665 1945 708 2000 est
723 1941 761 1999 in„
773 1942 959 2001 unanimitate
979 1942 1009 2001 in
1025 1941 1137 2000 Christo
1152 1941 1233 2014 lesu,
1255 1957 1308 1999 nec

127 2042 289 2118 quicquam
302 2042 372 2104 lecit
387 2043 493 2106 adhoc
508 2046 580 2104 alias
595 2044 739 2106 somniare
753 2047 882 2106 uniones.

223 2149 335 2208 Eadem
350 2149 414 2208 duci
429 2151 567 2210 Mauritio
582 2150 680 2210 oblate
696 2156 740 2210 est
754 2156 854 2211 nostro
869 2151 982 2211 nomine
998 2152 1177 2225 supplicatio.
1201 2152 1307 2210 Verum

126 2256 215 2316 isait
228 2260 368 2330 prestare
389 2261 423 2316 ut
436 2256 582 2316 orchiduci
602 2254 741 2316 offeretur
760 2256 910 2329 scriptum,
936 2256 985 2329 qui
1000 2273 1031 2314 se
1050 2255 1163 2316 facilem
1177 2256 1307 2330 praebere

127 2360 211 2420 velit.
249 2359 380 2419 Mauritii
403 2376 521 2433 operam
544 2361 626 2444 nobis
648 2377 705 2420 non
727 2362 899 2421 delicturum.
938 2358 996 2418 Sed
1018 2362 1114 2418 manet
1137 2359 1308 2433 pervulgata

129 2457 290 2524 sententis:
314 2466 397 2524 Vana
411 2470 456 2524 est
470 2467 547 2526 salus
561 2465 598 2526 ab
612 2467 735 2526 homine.
760 2467 805 2524 Tn
819 2465 910 2526 nostri
924 2463 1089 2537 recordare,
1104 2463 1253 2523 altissime!

223 2569 302 2656 Nota
320 2568 357 2628 de
378 2567 521 2631 discordia
542 2571 714 2645 Milchlingii
733 2575 762 2629 et
781 2569 888 2629 Lindli.
925 2568 1058 2628 Liberius
1079 2573 1210 2642 aegrotat,
1234 2569 1308 2626 alter

8 2705 14 2714 ·
130 2690 248 2734 morsus
262 2673 328 2748 abt,
351 2674 430 2734 Dens
445 2677 526 2752 novit
539 2681 683 2736 eventum.

223 2778 335 2838 Eadem
355 2781 432 2840 venit
453 2781 625 2840 secretarius
647 2780 884 2840 Monasteriensis
905 2777 1028 2843 atterens
1050 2795 1108 2852 eas,
1133 2793 1197 2851 quae
1220 2778 1308 2837 inter·

115 2888 227 2960 ‚cepte
249 2883 427 2956 videbantur,
450 2884 559 2958 literas,
583 2902 648 2959 quse
669 2886 779 2945 incuria
799 2884 958 2946 scribarum
974 2884 1035 2958 iem
1053 2881 1114 2942 fere
1134 2882 1308 2957 septimanas

134 2990 263 3063 quinque
279 3004 437 3062 suppresse
457 2988 580 3081 inerant.
612 2990 728 3064 Injunxi
746 3006 816 3063 ergo
837 2988 1002 3062 secretario,
1025 2991 1059 3048 ut
1072 2987 1188 3062 praesuli
1203 2987 1306 3046 rescri-

134 3094 228 3167 beret,
251 3093 322 3152 mihi
341 3109 400 3155 non
418 3094 510 3153 rideri
531 3112 567 3154 sx
584 3111 617 3153 re
636 3093 706 3169 lore,
731 3101 763 3154 ot
777 3096 807 3153 in
828 3094 882 3154 hoe
898 3095 1012 3168 negotio
1027 3109 1080 3167 per
1095 3108 1141 3152 me
1156 3093 1308 3166 quicquam

135 3203 282 3272 ageretur,
304 3197 392 3272 idque
411 3201 589 3272 potissimum
611 3201 721 3260 duabus
745 3199 781 3259 de
802 3201 908 3275 causis,
932 3217 990 3258 una
1012 3196 1090 3271 quod
1111 3202 1223 3271 tempus
1245 3196 1306 3274 din·

136 3303 228 3362 tinum
243 3302 451 3370 intercessisset
465 3309 495 3362 et
508 3305 554 3362 me
568 3306 667 3379 lateat,
691 3321 759 3363 num
779 3306 891 3364 interea
909 3303 1046 3377 temporis
1065 3302 1121 3360 hnc
1142 3301 1221 3362 eliud
1241 3316 1307 3372 per·

138 3408 276 3482 scriptum
291 3409 327 3467 sit
341 3409 372 3466 in
386 3423 474 3466 causa
487 3407 551 3481 bac,
574 3427 612 3468 sn
627 3425 722 3483 secus;
746 3411 838 3470 altera
858 3409 937 3483 quod
955 3408 1041 3469 sciret
1060 3421 1111 3464 nos
1132 3403 1256 3462 nondum
1278 3403 1307 3460 in

137 3512 260 3586 gratiam
275 3509 313 3570 ab
328 3512 501 3588 imperatore
516 3520 656 3588 receptos.
671 3515 730 3596 ,Sin
745 3531 814 3573 vero
827 3515 932 3572 iterato
944 3511 1094 3584 episeopus
1107 3507 1186 3578 ebud
1196 3505 1306 3580 jubeat,

138 3633 182 3676 me
196 3616 236 3677 ad
250 3618 346 3676 omnia
360 3622 500 3691 paratum.
1077 3622 1081 3628 “

228 3720 287 3782 Sub
306 3726 418 3781 noctem
438 3738 535 3782 rumor
550 3723 684 3782 subortus
705 3722 797 3783 estin
817 3719 926 3780 aedibus
947 3717 1144 3792 landtgravisa
1167 3716 1308 3776 loannem

138 3823 256 3886 fratrem
270 3828 450 3888 vulneratum
466 3843 538 3900 esse,
562 3826 614 3887 sed
633 3843 699 3886 mox
712 3829 855 3887 loannem
874 3825 1005 3885 comitem
1025 3823 1243 3906 eltethberga
1258 3839 1308 3897 pe·

139 3929 244 3990 ditibus
259 3931 412 3990 nonnullus
426 3936 457 3990 et
471 3930 587 3992 brachio
602 3936 632 3992 et
646 3949 731 3993 manu
746 3933 940 4008 vulneratum,
965 3934 1140 4004 compertum
1155 3931 1206 3988 est.
1287 3917 1290 3920 ¹

225 4036 361 4110 Erigitur
375 4053 505 4096 nummus
520 4038 556 4096 ab
572 4037 700 4112 imperio,
711 4043 739 4097 et
753 4037 857 4097 dicitur
872 4036 909 4097 eb
924 4037 1067 4112 aliquibus
1081 4037 1182 4092 contra
1196 4031 1310 4090 interim

136 4139 208 4200 illud
222 4145 412 4214 protestatum
428 4131 500 4202 esse.
1162 4131 1166 4136 ’

226 4247 274 4319 xxj
291 4247 441 4320 intemplo
456 4247 586 4307 Mauritii
601 4248 628 4307 d.
644 4247 771 4308 Joannes
786 4248 929 4305 Henricus
950 4243 1134 4304 concionatos
1150 4242 1203 4313 est,
1227 4256 1309 4313 repe-

141 4354 203 4410 tens
225 4367 269 4426 ea,
294 4366 358 4425 quse
379 4367 415 4410 er
435 4366 498 4424 cap.
521 4337 710 4438 rijfepistolse
731 4353 769 4412 ed
789 4353 931 4412 Romanos
954 4347 1099 4420 docuerat,
1123 4361 1157 4406 oc
1180 4344 1312 4420 preelegit
