2940 4900
666 316 730 416 teo

178 515 298 597 nehem
327 525 474 612 memor
504 531 691 596 sebastianus
717 529 854 594 omenes
887 531 972 594 noes
997 533 1147 609 epistolam
1174 535 1281 596 nomm

94 637 221 716 Philippi
234 641 447 702 Melanthonis
468 639 505 702 ad
520 637 757 714 christophorum
772 636 921 698 carleuite
944 639 1073 702 exhibuit
1086 657 1121 701 no
1135 641 1282 702 nobiseum

91 749 221 804 coenatus
238 752 296 805 est.

178 847 294 910 Oblata
310 855 362 910 est
378 849 462 910 nobis
478 849 670 910 ecelesiastien
684 846 859 922 reformatio,
880 864 945 922 qnae
960 865 1022 910 eum
1037 851 1217 912 interimente
1236 852 1280 910 in·

93 953 174 1012 terim
189 960 349 1029 prognata
366 959 421 1015 est.
446 953 527 1014 Tune
542 952 635 1014 edenti
650 968 746 1013 sumus
761 969 847 1027 qnam
862 969 920 1014 non
935 956 1018 1028 pauni
1033 956 1100 1029 sint,
1120 957 1170 1029 qui
1184 956 1279 1014 amiei—

94 1057 161 1118 tiam
175 1075 237 1120 non
251 1057 317 1120 fido
334 1059 392 1120 sed
407 1074 540 1120 snooeseu
554 1059 717 1119 metientur.

178 1165 385 1226 Hoxeriensis
400 1167 500 1226 civitas
516 1165 641 1239 quinque
653 1163 742 1224 miliia
751 1162 925 1226 florenorum
936 1167 1037 1225 enesnni
1049 1165 1156 1240 pendet
1170 1171 1200 1226 et
1214 1181 1280 1225 oen-

95 1272 152 1328 tnm
166 1285 276 1330 aureos
292 1287 355 1346 pro
370 1272 474 1332 litte'nis
493 1269 680 1330 absolutionis
701 1274 731 1329 et
745 1273 902 1346 nonaginta
921 1271 952 1330 in
973 1272 1079 1344 popina
1093 1271 1279 1330 cancellar-im.

95 1371 229 1446 Legimus
247 1377 361 1436 eadem
377 1375 424 1436 die
439 1374 648 1435 transactiones
670 1375 786 1434 cesama
807 1375 893 1449 huius
914 1373 1009 1435 Caroli
1024 1375 1050 1434 V
1070 1391 1134 1433 enm
1150 1375 1279 1433 electori-

78 1525 82 1532 .
96 1477 146 1536 hus
160 1483 190 1538 et
205 1481 340 1542 statibus
356 1481 469 1557 imperii
479 1493 566 1554 snper
576 1481 636 1539 suis
650 1479 843 1540 hereditariis.
863 1479 973 1540 Eadem
988 1483 1018 1538 in
1033 1481 1136 1553 plateis
1144 1480 1281 1554 Augusta

95 1583 278 1655 potissimum
300 1591 374 1646 ante
395 1585 473 1645 iores
491 1586 671 1661 papisturnm
691 1586 772 1660 ignes
791 1584 899 1646 debent
916 1592 947 1646 et
970 1586 1082 1646 choree
1104 1584 1282 1646 ducebantur

97 1687 292 1766 inhonorem,
319 1696 355 1751 nt
369 1691 494 1766 aiebant,
511 1690 539 1751 d.
555 1691 624 1764 Viti,
642 1688 769 1748 arbitror
784 1691 855 1765 ejns,
872 1706 956 1765 quem
971 1688 1046 1750 Galli
1061 1689 1110 1748 Vit
1124 1690 1280 1765 appeliant.

184 1797 234 1870 xvj
250 1797 341 1857 Junii
355 1799 385 1857 in
400 1797 507 1872 templo
521 1795 655 1856 Mauritii
679 1795 707 1855 d.
723 1795 852 1855 ioannes
867 1793 1009 1855 Henniens
1024 1795 1166 1870 reliquum
1181 1796 1279 1856 leetio·

100 1898 155 1973 nis,
172 1917 263 1974 quam
279 1903 333 1964 die
347 1903 429 1964 donis
443 1904 574 1978 proxime
590 1902 688 1976 elapsa
703 1914 848 1974 exponere
869 1917 1022 1976 aggressus
1038 1906 1090 1976 est,
1107 1901 1280 1975 explanarit,

101 2005 256 2067 ostendens
274 2005 423 2083 quomodo
439 2005 467 2068 d.
483 2007 591 2068 Paulus
607 2009 636 2067 in
650 2007 704 2066 hoe
720 2009 814 2083 eapite
829 2011 868 2066 14
883 2023 940 2068 non
955 2024 1013 2068 nno
1028 2011 1197 2083 argumento
1213 2022 1280 2065 oon·

102 2111 260 2172 tentionem
274 2114 360 2174 iilam
375 2112 486 2173 futilem
502 2129 538 2173 ex
554 2113 655 2174 animis
670 2117 730 2174 taur
743 2112 913 2174 iudaeorum
935 2129 1020 2187 quam
1036 2113 1162 2187 gentium
1177 2110 1280 2172 rediui-

104 2215 147 2272 tus
162 2217 294 2280 eximere
310 2225 432 2279 conatus
448 2218 494 2293 sit,
511 2219 688 2292 potissimum
701 2218 810 2292 jndicio
826 2217 934 2277 christi
948 2218 1013 2277 iilos
1029 2218 1187 2277 deterrens.
1218 2217 1282 2276 Hoe

10 2369 11 2372 ,
106 2325 197 2398 annm
211 2323 280 2384 loeo
296 2323 373 2384 idem
388 2324 515 2384 ioannes
529 2322 670 2382 Henrious
692 2322 789 2382 multis
810 2325 981 2396 potestatem
997 2319 1102 2380 Ohristi
1125 2321 1280 2394 seriptura-

109 2443 170 2486 rum
184 2429 362 2490 testimoniis
377 2427 473 2505 painm
489 2424 656 2501 affirmavit,
681 2427 812 2487 indicans
832 2425 976 2500 quomodo
990 2425 1036 2484 hie
1051 2423 1180 2486 dominns
1192 2423 1282 2498 judex

109 2533 237 2594 vinorum
258 2541 292 2595 et
312 2537 489 2594 mortuorum
511 2534 682 2593 constitutus
702 2537 732 2591 et
752 2547 837 2605 qnam
859 2531 964 2589 unibus
984 2545 1115 2604 personne
1134 2534 1282 2603 respector

109 2637 152 2697 sit.
173 2640 249 2701 item
264 2639 347 2714 qnod
361 2643 482 2698 ventura
496 2639 534 2696 sit
547 2636 622 2696 hora
635 2637 685 2696 ille
700 2642 730 2695 et
745 2635 804 2695 dies
819 2637 849 2694 in
869 2652 927 2710 qna
941 2633 1072 2696 Christus
1094 2651 1146 2694 ren
1160 2649 1215 2709 pro
1229 2635 1280 2693 tri·

109 2739 204 2804 hnnaii
219 2746 329 2807 sedens
343 2743 380 2803 ab
394 2741 525 2801 omnibns
540 2741 708 2814 mermlibus
731 2742 799 2800 vitae
818 2741 865 2799 vel
879 2755 1032 2816 perperam
1046 2741 1092 2799 nei
1113 2740 1202 2814 probe
1217 2755 1283 2814 per·

112 2853 180 2908 antae
195 2857 225 2910 et
240 2851 385 2911 dietmnm
404 2848 544 2907 rationem
568 2848 737 2918 accepturus
752 2845 798 2904 sit.
834 2844 873 2905 Et
887 2861 971 2920 quam
987 2843 1142 2906 benevolus
1157 2848 1187 2904 et
1200 2843 1283 2904 mise·

112 2950 200 3013 nitore
214 2956 248 3014 in
263 2969 315 3014 eos
328 2951 455 3026 iuturus,
482 2951 532 3026 qni
553 2967 588 3010 ex
608 2955 688 3011 rente
709 2950 856 3010 uoluntate
876 2957 905 3011 et
920 2953 996 3012 omni
1015 2952 1119 3010 mentis
1135 2950 1282 3012 eonomine

115 3051 226 3120 christo
240 3059 366 3120 fidentes
389 3057 560 3130 verbosius
584 3061 614 3116 et
632 3055 775 3116 mandatis
796 3057 827 3114 in
850 3055 905 3116 hae
924 3058 983 3116 vita
1004 3055 1194 3116 obedientiam
1209 3071 1283 3130 praa-

115 3164 188 3222 stnre
202 3167 332 3242 eupiunt.
371 3164 483 3224 Rursus
507 3177 594 3235 quam
609 3167 742 3222 austerus
757 3163 787 3221 in
803 3174 869 3237 eos,
892 3165 941 3236 qni
963 3162 1061 3222 mnndi
1077 3163 1217 3222 elemento
1231 3161 1281 3221 eli-

14 3315 15 3331 ,
117 3273 211 3339 pentes
226 3270 305 3329 omni
319 3267 462 3350 idolam-ia,
478 3266 622 3340 superbia,
638 3265 753 3326 luxuria
766 3267 797 3325 'et
811 3267 842 3327 id
856 3283 945 3340 genus
965 3269 1099 3328 vitiorum
1121 3271 1283 3339 contempto

117 3383 210 3434 eorum
226 3377 371 3436 salvatore
386 3373 497 3447 seipsos
512 3378 747 3447 conspurcarunt.
772 3370 873 3432 Obiter
884 3387 997 3446 qnoque
1008 3371 1122 3444 doeens,
1139 3370 1223 3442 quale
1235 3371 1282 3442 ju·

119 3473 218 3539 dieinm
233 3483 268 3555 is,
286 3481 381 3554 quise
397 3493 510 3551 aeqnnm
521 3475 645 3551 jndicem
660 3483 800 3552 proestare
814 3477 871 3536 diei
885 3474 963 3547 uelit,
990 3473 1067 3532 ferre
1083 3472 1195 3531 debent.
1226 3472 1282 3531 Lo-

119 3593 178 3640 tum
192 3590 290 3645 antem
301 3585 390 3644 hune:
406 3583 543 3657 Viuoepo
559 3579 778 3653 dieitdominns,
794 3597 853 3640 non
865 3578 991 3638 delentur
1002 3583 1094 3637 morte
1110 3577 1198 3653 impii,
1215 3577 1284 3650 quin

13 3749 14 3768 ,
120 3690 205 3764 ungis
221 3705 285 3749 enm
298 3693 462 3748 revertetur
476 3687 581 3761 impius
598 3687 627 3744 in
642 3686 689 3746 vin
704 3701 757 3744 sua
772 3688 802 3743 et
816 3684 928 3745 vineit.
962 3680 1167 3765 convertimini
1181 3681 1217 3742 de
1231 3681 1285 3743 uiis

120 3795 218 3854 uashu's
232 3793 330 3868 mulis,
356 3809 407 3852 eur
430 3793 504 3851 enim
523 3791 684 3850 moriemini
705 3784 804 3849 domus
828 3789 944 3849 Israelis
966 3805 1001 3848 ex
1016 3803 1079 3863 oap.
1097 3789 1136 3848 33
1153 3788 1285 3877 Eueohiel

121 3891 275 3960 luculenter
290 3898 431 3973 exposuit.
461 3896 523 3956 Nos
543 3894 814 3970 eommoneiaeiens,
832 3895 899 3968 qnia
913 3908 962 3955 res
976 3911 1008 3954 se
1024 3895 1065 3954 sio
1078 3895 1232 3968 haberent,
1253 3899 1286 3952 ut

124 4004 239 4079 qunque
252 4020 309 4079 pro
323 4017 354 4063 se
369 4004 433 4077 ipso
447 4003 589 4062 rationem
603 4001 770 4063 redditurus
785 4001 835 4076 sit,
855 4005 939 4060 mute
961 4001 991 4059 in
1005 3999 1061 4060 hoo
1075 3998 1170 4059 seenlo
1185 3994 1283 4054 ambu-

123 4102 255 4183 laremus,
280 4125 370 4168 unum
388 4107 487 4168 desum
508 4105 653 4168 Christum
673 4107 882 4181 redemptorem
900 4111 930 4164 et
944 4105 1115 4164 saluatorem
1129 4115 1285 4174 agnoscen-

124 4214 171 4288 tes,
188 4229 283 4290 qnem,
299 4215 324 4273 si
339 4218 422 4273 exim
435 4213 527 4287 ipsum
542 4212 630 4273 vitam
644 4212 861 4284 instituerimus,
874 4209 999 4284 jndicem
1012 4205 1223 4266 severissimum
1237 4221 1286 4264 en-

125 4321 230 4387 pentori
245 4321 343 4393 simus,
359 4323 493 4378 caventes
503 4318 622 4390 ¹interim
637 4332 674 4375 ne
687 4317 808 4377 inuitem
823 4329 876 4374 nos
890 4313 974 4372 facile
986 4308 1187 4384 judicaremus.

206 4425 234 4484 h
249 4425 385 4486 eoneione
399 4423 554 4498 hospitium
568 4421 715 4486 Wilheimi
730 4421 850 4495 eomitis,
873 4433 930 4492 qno
941 4418 1002 4490 jam
1015 4419 1076 4475 tum
1091 4413 1194 4476 Florus
1208 4417 1285 4480 abie-
