2966 4900
481 1151 571 1222 enni
594 1149 737 1222 wotnto
759 1151 806 1221 AN
828 1150 943 1221 annin

214 1325 254 1416 Ῑιι
269 1357 387 1429 antiqno
403 1355 513 1416 dierum
535 1357 565 1416 in
581 1355 696 1417 Christo
717 1357 837 1417 salutem
857 1361 886 1416 et
904 1357 1097 1430 impletionem
1117 1360 1194 1416 utet
1209 1357 1292 1416 sisa·

120 1461 241 1520 nuerint
253 1466 350 1521 tamen
363 1462 487 1537 plantati
501 1464 532 1521 in
545 1462 630 1523 domo
646 1463 752 1523 domini
766 1464 876 1537 negites
890 1465 1087 1535 permaneant.

213 1567 302 1628 Juxta
311 1569 371 1641 ejus
377 1582 462 1642 quem
469 1573 501 1628 ιιι
509 1569 623 1629 uomina
635 1570 676 1628 sio
686 1585 739 1630 neo
750 1584 808 1628 nou
816 1574 845 1628 et
854 1585 887 1628 re
897 1565 990 1628 refers
999 1573 1029 1628 te
1042 1567 1184 1640 alloquor,
1197 1565 1293 1624 senior

121 1671 215 1732 electe
229 1672 341 1734 domine
364 1678 394 1734 et
417 1675 611 1734 amantissime
626 1674 743 1749 Brenti,
769 1673 896 1749 quamvis
918 1673 1045 1733 eeclesia
1066 1672 1152 1732 rebus
1167 1685 1220 1730 neo
1234 1686 1293 1730 non

121 1777 244 1852 publicis
268 1795 302 1838 ao
322 1780 484 1840 domesticis
505 1780 533 1840 d.
555 1784 576 1839 ι.
593 1779 727 1841 obrutum
749 1779 836 1838 seiam
856 1781 952 1839 tamma
975 1775 1098 1836 confisus
1113 1775 1149 1836 de
1163 1779 1263 1835 nostra
1280 1771 1291 1810 ²

122 1883 288 1944 Ratisbonae
306 1885 380 1944 inite
399 1890 429 1945 et
444 1884 618 1958 Stutgardiae
642 1889 782 1944 renovata
796 1884 901 1944 amoris
921 1899 991 1957 ergo
1006 1881 1076 1941 mihi
1089 1881 1219 1940 inhibere
1234 1895 1292 1940 non

121 1989 205 2062 potui
219 1989 263 2048 his
278 1991 378 2063 pannis
394 1988 422 2048 d.
439 1991 460 2048 ι.
475 1982 669 2062 interpellare}
707 1990 746 2048 Et
760 1991 883 2064 primum
906 1989 989 2062 quasi
1003 1990 1069 2061 post
1082 2001 1212 2046 somnum
1227 1983 1290 2044 dul·

121 2093 264 2154 eissimam
279 2096 404 2168 quietem
418 2111 515 2154 rernm
524 2091 561 2170 (si
575 2095 719 2154 veteribus
734 2097 826 2168 poetis
840 2093 912 2155 fides
927 2109 993 2154 esse
1008 2089 1106 2167 debet)
1122 2093 1153 2150 in
1166 2093 1291 2149 mentem

120 2197 276 2271 aliquando
293 2199 320 2258 d.
337 2203 358 2258 t.
374 2200 472 2259 venire
488 2197 623 2274 arbitror,
640 2202 717 2272 qnod
731 2201 797 2260 olim
810 2200 977 2260 Ratisbonae
993 2198 1061 2258 dum
1075 2197 1131 2270 pia
1146 2194 1291 2254 memoriae

120 2302 205 2362 diuus
219 2303 238 2362 J
239 2319 345 2362 oannes
357 2303 474 2364 Dianius
482 2303 584 2376 Iberus
593 2303 699 2364 christi
712 2321 779 2364 mox
792 2310 902 2378 martyr
911 2303 1060 2376 Neoburgi
1074 2299 1113 2360 ad
1127 2299 1291 2359 Danubium

119 2404 213 2467 fantus
228 2425 273 2468 me
288 2409 375 2469 semei
399 2415 486 2482 atque
507 2411 611 2470 iterum
631 2408 745 2469 chartas
766 2410 924 2470 illidentem
943 2409 1092 2467 inveniens
1111 2421 1164 2479 pro
1179 2419 1231 2463 suo
1247 2401 1292 2480 (ιιι

120 2511 211 2588 nosti)
226 2529 305 2575 more
321 2516 393 2574 seire
408 2515 527 2590 cupiens
543 2515 680 2589 quidnam
699 2515 734 2574 iis
750 2516 849 2574 naeniis
866 2530 1002 2586 conarer,
1025 2513 1080 2587 ipsi
1102 2527 1147 2569 me
1167 2511 1289 2568 interro·

119 2621 210 2693 ganti,
225 2620 375 2696 respondi,
397 2639 442 2681 me
457 2619 576 2693 singulis
592 2618 692 2678 diebus
707 2605 793 2680 unam
812 2621 858 2679 vel
878 2620 982 2680 dooere
995 2618 1101 2676 linem
1115 2615 1201 2685 velle,
1221 2613 1292 2686 quid

120 2741 218 2784 rernm
232 2724 290 2783 illio
304 2731 440 2800 ageretur
455 2723 534 2799 qnod
549 2741 612 2783 oum
635 2724 697 2784 viro
712 2725 762 2782 ilio
777 2727 875 2784 saneto
896 2722 942 2801 (nt
955 2706 985 2781 ni
998 2721 1083 2781 fallor
1098 2717 1290 2780 candidissimi

120 2832 186 2888 erat
199 2827 319 2905 ingenii)
335 2830 442 2889 bomini
456 2831 560 2890 mirum
574 2830 604 2888 iu
619 2828 735 2888 modum
750 2828 830 2888 sordi
844 2825 907 2888 init.
939 2827 987 2888 Sia
1000 2828 1099 2899 itaque
1115 2824 1151 2884 ab
1167 2839 1201 2882 eo
1217 2827 1288 2881 tem·
1387 2861 1388 2864 ,

119 2949 192 3008 pore
206 2934 237 2994 id
251 2950 305 3008 per
326 2935 453 3009 singulos
473 2935 535 2994 dies
549 2933 619 2993 mihi
639 2938 668 2993 et
688 2935 713 2992 si
728 2950 786 2993 non
799 2933 907 3008 Musis,
930 2948 1052 3007 quarum
1072 2930 1142 2989 mibi
1157 2926 1290 3004 proiecto-

119 3039 199 3100 nulla
208 3044 252 3100 est
262 3042 364 3117 gloria,
378 3042 429 3102 sed
438 3046 534 3100 tamen
544 3039 720 3101 refricationi
727 3039 872 3100 memoria
881 3035 1000 3099 tentavi
1017 3037 1120 3110 Sitque
1134 3033 1229 3093 forulo
1239 3031 1290 3091 ubi

118 3144 274 3206 libuerit-d.
287 3153 308 3206 ι.
321 3146 452 3206 libandas
467 3148 544 3220 ipsas
553 3161 630 3206 meas
645 3146 753 3205 naenias
768 3160 843 3204 anno
858 3145 956 3221 elapso
965 3142 1146 3218 Studgardiae
1162 3153 1289 3216 praesens

118 3256 154 3310 ιιι
167 3253 243 3324 patri
259 3257 288 3311 et
302 3253 392 3311 amieo
407 3249 524 3310 tradidi.
562 3251 602 3309 Et
623 3267 700 3310 nuno
714 3255 806 3310 macte
821 3249 944 3310 candore
960 3248 1148 3321 doctrinaque
1162 3245 1289 3303 ioannes

118 3354 189 3414 mihi
207 3357 238 3416 in
259 3362 382 3416 mentem
402 3357 497 3431 uenit,
517 3356 653 3430 promissi
672 3356 708 3415 de
729 3353 900 3428 Augustana
920 3369 985 3412 mea
999 3350 1192 3426 proiectione,
1217 3361 1288 3420 quas

118 3460 315 3520 miscellaneae
332 3455 344 3495 ²
361 3477 419 3520 nou
434 3461 520 3520 etiam
535 3461 720 3534 morionibus,
737 3461 822 3518 etiam
837 3475 890 3516 sua
904 3461 971 3516 sunt
985 3455 1100 3516 nomina
1113 3451 1205 3512 eidem
1221 3451 1248 3510 d.
1264 3453 1287 3507 ι.

119 3564 286 3626 charissimo
306 3566 381 3638 patri
401 3569 430 3625 ot
445 3565 535 3623 amico
560 3581 612 3637 pro
632 3562 700 3623 fidei
718 3566 777 3622 tna
800 3561 971 3622 dexteritate
989 3558 1155 3619 transmitto
1178 3556 1289 3612 utinam

119 3675 215 3730 autem
229 3676 391 3746 superesset
411 3675 480 3729 aetas
500 3669 637 3728 memoria
657 3673 687 3728 et
701 3647 794 3725 ooium
813 3665 943 3724 lectionis
957 3664 1026 3724 mihi
1041 3662 1208 3735 contingere
1223 3673 1288 3733 pos-

118 3779 174 3846 set,
190 3780 223 3834 ιιι
237 3773 272 3833 de
287 3774 363 3832 omni
379 3773 437 3834 vita
452 3773 621 3848 operatione
636 3776 757 3847 utraque
772 3769 888 3830 fortuna
903 3768 933 3828 d.
947 3773 970 3827 t.
987 3767 1113 3842 ejusdem
1128 3764 1288 3840 argumenti

116 3877 263 3940 volumina
281 3885 332 3940 tua
351 3894 438 3937 manu
453 3877 596 3952 descripta
620 3877 686 3954 (sed
700 3876 755 3936 deo
774 3876 875 3950 gratiae
894 3873 1000 3932 bonum
1016 3876 1045 3930 et
1064 3876 1162 3931 notum
1185 3883 1289 3927 nomen

115 3989 200 4042 tuum
215 3989 259 4042 est
273 3999 369 4043 coram
384 3979 528 4057 ecelesia)
540 3981 731 4058 obtingerent
743 3981 858 4041 viderer
867 3979 937 4038 mihi
948 3978 1012 4054 plus
1027 3975 1156 4035 thesauri
1170 3975 1200 4032 in
1214 3972 1287 4030 mul·

115 4097 214 4150 torum
228 4089 315 4149 etiam
329 4085 450 4162 piorum.
462 4087 584 4148 maxime
608 4085 832 4148 adolescentium
847 4087 1096 4159 consequnturum,
1118 4095 1205 4155 quam
1219 4077 1288 4140 olim

694 4219 710 4256 it

193 4320 259 4374 lde
277 4327 366 4373 nostra
384 4319 521 4373 amicitiai
548 4318 611 4372 oder
636 4326 716 4372 etwas
743 4321 789 4372 der
806 4324 853 4372 art.
911 4323 926 4370 2
954 4318 989 4371 So
1008 4315 1054 4368 hat
1071 4311 1181 4368 Wolrad
1199 4313 1288 4380 eigan-

114 4408 221 4478 hbndig
238 4410 382 4478 eorrigiert.
419 4411 457 4461 Ee
475 4423 544 4461 war:
567 4407 773 4473 ‚menelaneaa“
