2966 4900
756 325 823 392 254

131 505 133 510 ’
207 521 243 566 ne
260 507 353 568 dicam
368 506 446 580 qnod
460 503 498 566 ad
512 505 680 580 religionem
695 506 879 566 christianam
893 507 1007 581 attinet,
1029 507 1099 566 mibi
1114 523 1173 566 non
1187 507 1285 582 ignota
1300 513 1377 567 snut.

208 613 330 686 Insuper
339 617 377 672 ut
391 611 511 671 dominis
525 610 813 686 Hennebergensibns
829 612 951 686 nuntiet,
983 611 1007 672 si
1023 626 1080 685 qna
1094 612 1203 687 possim
1217 612 1287 687 ipsis
1302 629 1378 685 prae-

207 722 285 776 stare
300 723 393 793 gruta,
408 735 454 777 me
468 734 527 778 non
541 716 662 776 invitum
676 713 826 776 locurum.
862 717 969 776 Verum
983 717 1045 776 haec
1059 723 1191 793 tempora
1206 722 1236 775 et
1250 733 1379 791 praesen-

207 827 251 882 tes
274 821 374 882 domus
395 838 429 882 ac
447 822 574 896 regionis
594 837 665 882 meae
690 824 782 880 statum
801 836 859 880 non
887 823 1069 896 permittunt,
1092 826 1126 880 ut
1145 819 1230 882 facile
1249 837 1304 896 pro
1326 839 1383 881 sua

207 927 384 1003 principibus
405 926 492 1001 digna
511 925 665 1000 prudentio
689 925 796 985 domini
815 924 872 984 mei
886 926 1070 986 considerare
1084 930 1215 1002 possent3
1236 943 1302 1000 quae
1317 943 1381 986 om-

207 1033 258 1091 nia
274 1033 315 1090 sic
329 1048 392 1090 esse
406 1030 549 1106 principes
564 1031 820 1104 Hennebergenses
843 1030 963 1104 posthac
982 1031 1068 1090 latins
1083 1037 1114 1090 et
1127 1031 1242 1107 optimis
1256 1032 1382 1092 rationi-

207 1137 261 1196 bus
277 1137 392 1196 edoceri
407 1141 436 1196 et
451 1138 589 1198 certiores
603 1135 667 1195 lieri
681 1138 809 1209 possunt.
848 1132 932 1194 Omni
946 1136 1049 1210 igitur,
1066 1151 1123 1209 qua
1137 1151 1261 1210 possum,
1286 1137 1386 1196 amica

207 1240 400 1301 obtestatione
418 1246 448 1301 et
462 1243 550 1304 animi
564 1241 752 1302 submissione
766 1255 878 1314 precor,
894 1245 927 1300 ut
942 1240 1049 1300 domiui
1063 1239 1100 1300 ab
1114 1241 1290 1315 Henneberg
1304 1240 1385 1300 hane

207 1362 301 1406 meam
316 1347 527 1422 excusationem
548 1364 606 1407 non
630 1363 683 1421 pro
705 1343 801 1404 efficta
821 1348 851 1402 et
869 1361 945 1404 vana
969 1346 1175 1408 detrectatione
1188 1351 1248 1405 tam
1263 1347 1384 1405 honesti

208 1453 328 1527 negocii,
344 1454 395 1512 scd
409 1469 463 1526 pro
478 1452 640 1512 necessaria
662 1455 692 1510 et
713 1450 872 1510 inevitabili
893 1451 1053 1524 benigniter
1072 1456 1102 1511 et
1115 1453 1205 1512 amice
1220 1452 1384 1526 suscipiant

209 1560 238 1614 et
252 1556 329 1630 apud
344 1557 565 1618 illustrissimum
585 1555 726 1616 qunnem
748 1554 928 1614 Fbidericum
949 1555 1050 1616 ducem
1071 1557 1203 1616 saxonia
1225 1557 1382 1616 electorem

208 1666 307 1721 natum
322 1666 376 1722 etc.
401 1679 485 1736 quam
500 1663 655 1722 humillime
670 1661 868 1736 deprecentur.
894 1660 924 1720 Si
939 1677 997 1734 qua
1012 1662 1083 1720 alias
1099 1663 1169 1736 ipsis
1179 1661 1298 1722 dominis
1313 1665 1381 1718 tan·

210 1781 295 1839 quam
310 1768 386 1840 patri
406 1773 436 1828 et
458 1765 539 1828 alfini
558 1769 628 1827 meis
651 1765 836 1826 observandis
857 1770 885 1824 et
905 1765 1081 1826 amicissimis
1103 1767 1242 1826 inseruire
1261 1779 1375 1838 queam,

209 1887 294 1944 spero
317 1872 394 1944 quod
416 1873 540 1931 animum
562 1888 655 1931 meum
674 1887 710 1930 ex
730 1868 807 1930 lacto
827 1871 968 1931 noverint.
1005 1870 1054 1929 Ad
1075 1889 1197 1946 qnorum
1211 1868 1303 1930 cilicia
1315 1883 1380 1927 nna

209 1991 273 2034 cnm
287 1991 377 2035 uxore
396 1982 425 2035 et
445 1976 543 2036 liberis
563 1993 609 2035 me
629 1981 720 2036 totum
741 1973 829 2035 offero
850 1981 879 2034 et
901 1991 964 2034 cum
985 1975 1070 2036 modo
1093 1977 1174 2036 aliud
1187 1992 1245 2034 non
1258 1976 1378 2050 possim,

209 2079 314 2139 curabo
329 2081 406 2139 utin
420 2082 525 2140 nostris
541 2081 671 2140 ecclesiis·
683 2096 836 2156 suppresso
851 2085 949 2140 tamen
972 2083 1100 2156 nomine,
1125 2097 1178 2155 pro
1191 2081 1311 2140 Alberto
1327 2095 1378 2138 eo·

208 2199 272 2241 rum
286 2185 391 2260 amico,
413 2186 630 2245 clementissimo
651 2186 780 2260 principe
794 2202 858 2246 meo
874 2191 985 2260 oretur,
1008 2190 1042 2244 ut
1058 2185 1187 2246 Christus
1201 2187 1292 2260 ipsum
1305 2201 1381 2243 vere

181 2349 186 2357 ,
208 2289 239 2347 in
253 2291 298 2348 sui
313 2292 488 2365 agnitionem
509 2292 632 2351 educere
651 2291 798 2365 dignetur,
823 2291 941 2364 insuper
955 2305 1076 2365 rogans,
1103 2307 1140 2350 ne
1154 2290 1262 2353 domini
1276 2289 1379 2348 existi-

208 2399 296 2470 ment,
312 2393 400 2456 filiam
415 2402 445 2458 ct
459 2413 586 2458 sororem
602 2397 729 2469 ipsorum
743 2395 883 2455 illustrem
898 2396 1040 2455 dominam
1055 2394 1240 2456 Catharinam
1255 2393 1379 2455 abilen-

208 2498 318 2575 neberg
332 2501 504 2560 comitissam
523 2501 554 2560 in
569 2500 786 2574 Schwartuburg
801 2506 854 2560 etc.
874 2500 1003 2575 vidaon,
1030 2501 1226 2561 charissimam
1250 2505 1382 2560 nostram

209 2620 322 2664 socrum
337 2607 405 2666 nihil
421 2604 458 2666 ob
474 2621 571 2666 corum
586 2607 694 2681 scripta
709 2605 787 2682 apud
800 2621 846 2665 me
861 2606 1012 2681 institisse,
1034 2623 1098 2681 qua
1114 2608 1218 2682 omnia,
1241 2609 1271 2666 in
1286 2622 1380 2679 quan·

210 2714 270 2769 tum
284 2713 431 2770 maternus
446 2727 526 2772 amor
540 2712 689 2787 permittit,
706 2711 850 2785 prestitit.

299 2815 437 2889 Suscepto
450 2816 540 2890 igitur
555 2818 738 2876 excusatione
757 2820 857 2876 nostra
871 2817 1079 2878 illustrissimus
1100 2819 1233 2892 princeps
1247 2817 1380 2877 loannes

209 2919 371 2981 Fridericas
401 2920 458 2980 dux
486 2921 618 2982 Saronico
646 2922 754 2982 elector
775 2926 829 2980 etc.
864 2921 997 2996 proxima
1017 2923 1178 2996 septimana
1198 2927 1264 2994 post
1285 2922 1380 2982 domi·

210 3025 303 3082 nicam
326 3024 442 3084 Laetare
465 3024 551 3097 hujus
583 3027 665 3084 1553
693 3027 760 3085 anni
780 3027 974 3086 venerandum
998 3027 1091 3086 virum
1117 3027 1262 3086 dominum
1288 3027 1382 3086 Jcan·

209 3141 275 3186 uem
296 3126 446 3187 Brentium
465 3129 574 3189 aWile
591 3128 673 3187 verbi
689 3129 778 3188 divini
792 3145 953 3205 praeconem
966 3134 999 3191 in
1018 3131 1095 3191 Hala
1116 3131 1287 3206 suevorum,
1309 3133 1382 3191 item

210 3234 377 3307 magistrum
398 3234 541 3293 loannem
556 3232 695 3292 Stotzium
718 3234 949 3296 concionatorem
971 3252 1054 3297 suum
1074 3237 1196 3296 auduom
1210 3242 1240 3296 et
1254 3236 1383 3296 nobilem

209 3337 388 3399 Fridericnm
409 3355 427 3400 a
445 3338 654 3413 Wangenheim
673 3339 740 3399 hnic
758 3342 910 3415 legationi,
936 3348 970 3401 ut
989 3344 1049 3402 voti
1067 3345 1127 3402 tam
1151 3343 1243 3402 sancti
1262 3356 1380 3416 compos

210 3444 390 3521 redderetur,
405 3446 550 3521 piissimus
564 3446 697 3521 princeps
712 3445 842 3520 praeiecit
856 3453 886 3508 et
899 3447 1051 3521 ablegavit.
