2940 4900
750 311 813 376 llo

189 491 294 563 justius
309 489 411 552 fuisset
426 493 462 552 ob
476 492 615 552 honorem
628 491 755 551 victoriae
771 497 800 552 et
811 493 930 567 praemia
942 499 971 552 et
982 493 1097 554 landem
1109 497 1268 568 reportare.
1289 491 1353 550 ltenr

193 613 277 669 quam
292 602 425 656 cruentus
441 603 470 656 et
484 597 614 656 immanis
628 597 660 655 in
674 597 869 658 Abimeleonm
889 600 998 673 etejus
1018 600 1182 672 symmistes
1202 614 1236 658 ac
1254 610 1354 657 omnen

190 701 333 760 civitatem
348 701 432 763 Nobe
447 700 543 760 fuerit.
575 702 637 762 Nee
651 701 699 760 hie
714 703 820 762 oblitus
836 709 880 764 est
893 703 1077 764 adulatorum
1089 703 1145 764 sub
1160 699 1355 772 nomineDoeg

191 806 318 881 Idumaei,
342 808 392 882 qui
411 807 669 867 muculentissimus
689 809 822 868 adulator
843 826 907 868 cnm
927 809 1029 869 milltes
1050 826 1068 870 a
1085 810 1180 870 latere
1199 809 1276 882 regis
1293 803 1355 864 illud

193 913 361 986 abnuerent,
385 914 416 970 in
431 914 553 987 gratiam
568 913 637 974 Saul
655 915 717 988 ipse
737 917 827 973 totam
847 913 960 976 domum
975 913 1143 974 Abimeleoh
1165 919 1195 974 et
1208 907 1283 974 viros
1297 927 1354 985 pcr-

192 1021 288 1076 tantes
302 1015 407 1091 Ephod
422 1019 586 1091 octuaginta
606 1019 732 1092 quinque
751 1018 905 1094 interfecit,
928 1025 962 1080 ut
980 1021 1077 1094 legere
1096 1025 1143 1079 est
1158 1018 1296 1080 Samuelis
1311 1017 1355 1074 22.

194 1122 274 1182 Sauli
288 1138 347 1181 non
367 1122 511 1182 dissimilis
530 1123 614 1183 Ahab
632 1122 729 1198 inerit,
753 1127 802 1198 qui
822 1126 876 1187 sub
894 1127 993 1186 uxoris
1012 1127 1133 1202 imperio
1149 1130 1180 1185 ιι
1200 1124 1253 1183 sub
1266 1135 1357 1196 pecca·

192 1233 254 1286 tum
275 1228 465 1288 venumdatus
487 1229 517 1288 in
541 1245 624 1288 sacra
648 1231 791 1302 scriptura
815 1229 933 1305 dicitnr,
958 1236 988 1290 et
1010 1247 1095 1304 qnam
1119 1231 1252 1290 homines
1274 1227 1313 1300 pii
1333 1228 1358 1282 et

192 1332 268 1407 frugi
288 1335 463 1408 iniquissime
478 1334 532 1393 sub
546 1334 632 1409 hujus
646 1336 723 1409 regis
737 1335 875 1408 regimine
893 1336 984 1396 habiti
1004 1337 1070 1411 sint,
1094 1339 1221 1396 testatur
1240 1331 1358 1407 probitas

192 1437 294 1498 Abdiae
309 1441 451 1506 oeconomi
464 1442 551 1516 regis,
576 1441 624 1514 qui
644 1439 794 1500 abscondit
816 1442 856 1501 50
876 1442 1031 1517 prophotas
1050 1442 1081 1500 in
1101 1457 1163 1500 una
1178 1445 1209 1499 et
1225 1439 1265 1496 50
1280 1438 1308 1495 in
1321 1435 1358 1492 ul-

191 1549 257 1604 tera
271 1546 414 1621 spelunca,
438 1562 559 1619 pascens
574 1561 625 1604 eos
639 1547 756 1625 insuper
771 1562 846 1620 pane
861 1551 892 1604 ct
906 1562 990 1621 aqua,
1014 1561 1070 1619 qno
1089 1547 1231 1606 immunes
1251 1559 1269 1604 a
1282 1541 1358 1602 unci-

192 1649 307 1709 datione
327 1651 496 1726 essentem.
527 1652 643 1724 Rogare
664 1651 788 1727 deniqne
803 1653 891 1726 jussit
911 1652 1068 1727 dominum,
1092 1657 1125 1712 ut
1146 1656 1246 1728 patres
1265 1645 1357 1723 patrie

192 1755 283 1815 bonos
298 1757 380 1816 uobis
395 1758 544 1830 impartire
559 1757 735 1830 dignaretur
1097 1756 1098 1762 ’
1273 1823 1279 1829 ,

281 1860 459 1920 Accncione
478 1860 606 1920 loannes
625 1859 716 1921 frater
737 1867 766 1922 et
786 1878 839 1938 ego
854 1843 1082 1922 Atrebatensem'
1093 1860 1178 1922 adire
1193 1857 1356 1925 volstanus.

193 1966 243 2038 qui
257 1970 353 2024 tamen
368 1965 405 2024 ad
419 1969 531 2038 patrem
550 1966 668 2040 abierat,
692 1967 757 2025 ilico
773 1973 869 2027 autem
888 1974 1036 2029 revertens
1056 1971 1085 2026 et
1103 1965 1265 2042 conspectis
1280 1959 1357 2020 comi·

191 2070 268 2130 tibus
284 2069 479 2140 Waldecianis
494 2071 543 2144 ait,
567 2070 691 2130 nondum
706 2071 799 2133 habco
813 2071 907 2133 adhuc
921 2088 1089 2148 responsum
1104 2089 1122 2132 a
1138 2089 1193 2133 sua
1208 2070 1355 2143 majestate·

192 2175 256 2235 Hoc
270 2191 409 2250 responso
424 2177 470 2235 bio
485 2176 546 2235 dies
559 2175 695 2236 terendus
715 2182 787 2237 erat.

282 2282 341 2342 Sub
361 2283 434 2342 casis
453 2282 620 2342 mercatoris
641 2281 775 2344 carolum
794 2298 813 2341 a
835 2281 969 2360 Stoclrem
988 2283 1149 2359 reperimus
1170 2278 1290 2341 eundem
1310 2273 1357 2331 hot

192 2385 391 2472 Atrebatensis
405 2403 545 2474 responso
560 2388 695 2448 solantes.
908 2382 911 2385 ’

281 2493 357 2553 Dum
379 2494 409 2553 in
432 2495 531 2553 eodem
553 2493 657 2553 itinere
680 2493 716 2552 de
737 2492 813 2553 libro
834 2492 995 2554 Biblisndri
1021 2492 1057 2552 de
1083 2493 1198 2554 ratione
1226 2479 1356 2548 communi

191 2600 315 2658 omnium
336 2601 499 2673 linguarum
517 2615 552 2658 ac
569 2599 731 2658 litterarum
749 2613 951 2680 meroeremur,
975 2598 1051 2659 Dido
1071 2613 1089 2658 a
1108 2595 1297 2674 Kniphanscn
1314 2603 1355 2648 su·

191 2705 331 2780 pervenit,
354 2705 494 2778 iudicans,
518 2705 658 2786 quiesset
673 2709 764 2764 status
778 2709 965 2777 cognatorum
980 2709 1143 2762 nostrornm
1159 2703 1196 2762 de
1210 2700 1293 2771 Hoia,
1311 2689 1357 2752 sed

192 2823 306 2868 cansam
321 2825 421 2868 eorum
435 2815 535 2869 contra
548 2799 734 2869 Franciscnm
748 2826 767 2869 a
781 2809 851 2868 Hall
870 2809 933 2869 duci
948 2808 1105 2868 Juliecensi
1123 2813 1156 2868 ut
1171 2797 1355 2868 commissoriss

192 2931 210 2972 a
225 2930 350 2974 caesarea
363 2914 515 2986 maiestate
530 2914 708 2972 commissam
724 2927 796 2974 csse.
1070 2973 1075 2976 .

279 3017 391 3077 Eadem
406 3019 555 3091 episcopus
570 3017 748 3096 Jlreviremis
767 3033 819 3089 per
833 2997 1018 3076 Willrelmum
1033 3017 1180 3090 iuniorem
1200 3013 1355 3082 comicus

192 3122 384 3196 Witgenstein
404 3124 457 3182 nos
476 3139 572 3182 secum
591 3120 734 3197 prendere
749 3122 846 3196 jussit.
880 3123 991 3183 Eadem
1011 3121 1049 3180 ad
1069 3119 1236 3196 Gultlingon
1255 3111 1354 3192 proli·

191 3228 315 3288 centiato
330 3229 424 3288 Maior
438 3244 491 3302 per
505 3228 678 3303 scripsimus.
711 3225 843 3287 Subortoe
854 3233 930 3291 sunt
948 3228 1048 3288 eadem
1067 3227 1139 3285 rixae
1158 3222 1302 3287 nonnula
1315 3218 1353 3274 in·

190 3339 236 3393 ter
251 3333 450 3395 Wandelinum
465 3341 494 3394 et
508 3333 635 3394 Florum.

279 3441 457 3502 Trevirensis
478 3441 687 3515 archiepiscopi
708 3455 815 3500 mensae
836 3439 978 3498 Ernestus
1000 3453 1093 3496 comes
1115 3453 1133 3496 a
1154 3437 1261 3506 Solus,
1283 3427 1353 3488 Hon-

189 3548 265 3605 n'ous
280 3563 374 3607 comes
389 3563 406 3606 a
421 3547 572 3623 Liningen,
596 3545 758 3622 Philippus,
782 3545 896 3605 Samuel
916 3548 945 3602 et
959 3542 1089 3601 Eubulus
1109 3543 1227 3601 comites
1247 3527 1352 3598 aWol·

190 3651 271 3726 decl,
294 3651 398 3711 nobilis
417 3651 452 3710 de
468 3650 645 3726 Schomberg
663 3651 857 3712 marschalcus
877 3647 992 3726 caesaris
1012 3651 1065 3707 etc.
1081 3646 1250 3708 Wilhelmus
1265 3647 1352 3700 conss

189 3771 207 3812 a
222 3753 559 3826 Witgensteinaderant.

278 3857 358 3916 luter
373 3857 572 3918 Trevirensem
588 3865 617 3919 ιι
630 3859 776 3918 Eubulum
791 3863 960 3918 conventum
976 3863 1027 3930 est,
1045 3863 1078 3916 ut
1090 3857 1116 3916 si
1130 3857 1259 3918 Eubulus
1273 3847 1350 3946 M¹,¹¹¹,'
1448 3869 1449 3906 ι

187 3955 321 4022 tobururn
342 3961 502 4035 plaustrum
515 3965 663 4036 -cerevisia
676 3963 868 4029 Oorbachensi
887 3968 1021 4038 onustum
1040 3963 1146 4037 ιιιιιιιι,
1170 3954 1351 4030 archiepisco
1448 3951 1449 3976 l

188 4085 242 4142 pus
263 4066 335 4128 illud
356 4067 422 4128 viuo
444 4071 577 4126 onustum
597 4067 738 4142 remittat,
762 4068 837 4144 idem
858 4067 986 4128 factiuns
1008 4069 1121 4128 etiamsi
1142 4063 1277 4128 cerevisia
1297 4066 1349 4114 11⁰ss

188 4170 281 4232 detur.
311 4173 460 4232 Pollicitus
480 4177 524 4230 est
543 4176 573 4230 ct
587 4171 767 4232 Trevirensis
787 4189 818 4232 se
833 4177 928 4234 omnia
942 4174 1033 4233 nostri
1048 4188 1117 4247 ergo
1133 4179 1163 4232 ιι
1176 4167 1254 4248 apud
1268 4172 1348 4222 coeflt·

188 4291 248 4334 rem
269 4283 298 4336 ιι
317 4275 394 4350 apud
412 4266 632 4338 Atrebatensem
653 4277 822 4337 subiturum.
858 4278 903 4336 De
923 4280 985 4352 ejus
1004 4277 1150 4338 voluntate
1171 4293 1229 4336 non
1243 4265 1347 4332 onua-

187 4381 302 4456 bamns,
326 4383 378 4442 sed
400 4383 482 4442 obest
503 4383 545 4466 illi
567 4381 723 4442 dexteritas
745 4383 899 4458 papistica
922 4383 979 4444 hoc
1001 4389 1058 4459 ιιι,
1083 4381 1160 4457 quod
1179 4375 1277 4440 casui
1296 4377 1348 4428 11⁰ss
