<?xml version="1.0" encoding="UTF-8"?>
<!DOCTYPE html PUBLIC "-//W3C//DTD XHTML 1.0 Transitional//EN"
    "http://www.w3.org/TR/xhtml1/DTD/xhtml1-transitional.dtd">
<html xmlns="http://www.w3.org/1999/xhtml" xml:lang="en" lang="en">
 <head>
  <title>
</title>
<meta http-equiv="Content-Type" content="text/html;charset=utf-8" />
  <meta name='ocr-system' content='tesseract 3.04.00' />
  <meta name='ocr-capabilities' content='ocr_page ocr_carea ocr_par ocr_line ocrx_word'/>
</head>
<body>
  <div class='ocr_page' id='page_1' title='image "./desgrafenwolrad01trosgoog_0080.png"; bbox 0 0 3028 4894; ppageno 0'>
   <div class='ocr_carea' id='block_1_1' title="bbox 721 311 764 378">
    <p class='ocr_par' dir='ltr' id='par_1_1' title="bbox 721 311 764 378">
     <span class='ocr_line' id='line_1_1' title="bbox 721 311 764 378; baseline 0 0"><span class='ocrx_word' id='word_1_1' title='bbox 721 311 764 378; x_wconf 76' lang='grc'><strong>67</strong></span> 
     </span>
    </p>
   </div>
   <div class='ocr_carea' id='block_1_2' title="bbox 148 493 1331 4346">
    <p class='ocr_par' dir='ltr' id='par_1_2' title="bbox 149 493 1331 1094">
     <span class='ocr_line' id='line_1_2' title="bbox 149 493 1329 572; baseline 0.002 -18"><span class='ocrx_word' id='word_1_2' title='bbox 149 495 229 556; x_wconf 86' lang='lat' dir='ltr'><strong>tonis</strong></span> <span class='ocrx_word' id='word_1_3' title='bbox 248 495 499 556; x_wconf 76' lang='lat' dir='ltr'><strong>souiusnonibus</strong></span> <span class='ocrx_word' id='word_1_4' title='bbox 526 495 663 569; x_wconf 87' lang='lat' dir='ltr'><strong>pulsatis,</strong></span> <span class='ocrx_word' id='word_1_5' title='bbox 688 499 716 554; x_wconf 92' lang='lat' dir='ltr'><strong>et</strong></span> <span class='ocrx_word' id='word_1_6' title='bbox 737 495 793 569; x_wconf 90' lang='lat' dir='ltr'><strong>ipsi</strong></span> <span class='ocrx_word' id='word_1_7' title='bbox 815 493 912 552; x_wconf 90' lang='lat' dir='ltr'><strong>omnia</strong></span> <span class='ocrx_word' id='word_1_8' title='bbox 932 497 1117 572; x_wconf 88' lang='lat' dir='ltr'><strong>promittant,</strong></span> <span class='ocrx_word' id='word_1_9' title='bbox 1141 497 1211 556; x_wconf 90' lang='lat' dir='ltr'><strong>nihil</strong></span> <span class='ocrx_word' id='word_1_10' title='bbox 1228 502 1329 558; x_wconf 85' lang='lat' dir='ltr'><strong>tamen</strong></span> 
     </span>
     <span class='ocr_line' id='line_1_3' title="bbox 151 599 1331 676; baseline 0.002 -16"><span class='ocrx_word' id='word_1_11' title='bbox 151 601 273 660; x_wconf 88' lang='lat' dir='ltr'><strong>celerius</strong></span> <span class='ocrx_word' id='word_1_12' title='bbox 298 599 356 660; x_wconf 87' lang='lat' dir='ltr'><strong>det.</strong></span> <span class='ocrx_word' id='word_1_13' title='bbox 396 601 472 660; x_wconf 84' lang='lat' dir='ltr'><strong>Nam</strong></span> <span class='ocrx_word' id='word_1_14' title='bbox 496 600 734 674; x_wconf 80' lang='lat' dir='ltr'><strong>quemadmodum</strong></span> <span class='ocrx_word' id='word_1_15' title='bbox 759 599 865 660; x_wconf 90' lang='lat' dir='ltr'><strong>asellus</strong></span> <span class='ocrx_word' id='word_1_16' title='bbox 888 599 955 658; x_wconf 90' lang='lat' dir='ltr'><strong>licet</strong></span> <span class='ocrx_word' id='word_1_17' title='bbox 978 601 1139 666; x_wconf 75' lang='lat' dir='ltr'><strong>stimuletur</strong></span> <span class='ocrx_word' id='word_1_18' title='bbox 1162 607 1191 662; x_wconf 92' lang='lat' dir='ltr'><strong>et</strong></span> <span class='ocrx_word' id='word_1_19' title='bbox 1215 604 1331 676; x_wconf 84' lang='lat' dir='ltr'><strong>vapulet</strong></span> 
     </span>
     <span class='ocr_line' id='line_1_4' title="bbox 150 704 1329 781; baseline 0.002 -17"><span class='ocrx_word' id='word_1_20' title='bbox 150 706 187 766; x_wconf 89' lang='lat' dir='ltr'><strong>ab</strong></span> <span class='ocrx_word' id='word_1_21' title='bbox 207 722 344 781; x_wconf 88' lang='lat' dir='ltr'><strong>agasone,</strong></span> <span class='ocrx_word' id='word_1_22' title='bbox 368 711 464 766; x_wconf 67' lang='lat' dir='ltr'><strong>mmen</strong></span> <span class='ocrx_word' id='word_1_23' title='bbox 487 704 586 766; x_wconf 84' lang='lat' dir='ltr'><strong>eodem</strong></span> <span class='ocrx_word' id='word_1_24' title='bbox 607 706 654 764; x_wconf 87' lang='lat' dir='ltr'><strong>cui</strong></span> <span class='ocrx_word' id='word_1_25' title='bbox 676 710 807 765; x_wconf 91' lang='lat' dir='ltr'><strong>assuetus</strong></span> <span class='ocrx_word' id='word_1_26' title='bbox 829 709 873 762; x_wconf 89' lang='lat' dir='ltr'><strong>est</strong></span> <span class='ocrx_word' id='word_1_27' title='bbox 893 705 1007 764; x_wconf 75' lang='lat' dir='ltr'><strong>incessu</strong></span> <span class='ocrx_word' id='word_1_28' title='bbox 1028 707 1136 766; x_wconf 89' lang='lat' dir='ltr'><strong>incedit</strong></span> <span class='ocrx_word' id='word_1_29' title='bbox 1159 711 1195 766; x_wconf 92' lang='lat' dir='ltr'><strong>et·</strong></span> <span class='ocrx_word' id='word_1_30' title='bbox 1209 707 1329 766; x_wconf 90' lang='lat' dir='ltr'><strong>eundem</strong></span> 
     </span>
     <span class='ocr_line' id='line_1_5' title="bbox 150 809 1329 892; baseline 0.003 -24"><span class='ocrx_word' id='word_1_31' title='bbox 150 813 260 883; x_wconf 87' lang='lat' dir='ltr'><strong>servat,</strong></span> <span class='ocrx_word' id='word_1_32' title='bbox 283 810 326 870; x_wconf 90' lang='lat' dir='ltr'><strong>ita</strong></span> <span class='ocrx_word' id='word_1_33' title='bbox 346 810 433 884; x_wconf 92' lang='lat' dir='ltr'><strong>ethi,</strong></span> <span class='ocrx_word' id='word_1_34' title='bbox 458 810 584 870; x_wconf 87' lang='lat' dir='ltr'><strong>obturati</strong></span> <span class='ocrx_word' id='word_1_35' title='bbox 599 809 636 870; x_wconf 93' lang='lat' dir='ltr'><strong>ad</strong></span> <span class='ocrx_word' id='word_1_36' title='bbox 651 809 803 882; x_wconf 87' lang='lat' dir='ltr'><strong>clamores,</strong></span> <span class='ocrx_word' id='word_1_37' title='bbox 827 823 878 868; x_wconf 91' lang='lat' dir='ltr'><strong>sno</strong></span> <span class='ocrx_word' id='word_1_38' title='bbox 900 825 985 870; x_wconf 88' lang='lat' dir='ltr'><strong>cursu</strong></span> <span class='ocrx_word' id='word_1_39' title='bbox 998 827 1046 870; x_wconf 90' lang='lat' dir='ltr'><strong>res</strong></span> <span class='ocrx_word' id='word_1_40' title='bbox 1065 817 1216 886; x_wconf 89' lang='lat' dir='ltr'><strong>peragunt.</strong></span> <span class='ocrx_word' id='word_1_41' title='bbox 1254 809 1329 892; x_wconf 84' lang='lat' dir='ltr'><strong>Nam</strong></span> 
     </span>
     <span class='ocr_line' id='line_1_6' title="bbox 151 914 1328 992; baseline 0.005 -20"><span class='ocrx_word' id='word_1_42' title='bbox 151 915 215 989; x_wconf 90' lang='lat' dir='ltr'><strong>ipse</strong></span> <span class='ocrx_word' id='word_1_43' title='bbox 236 929 300 988; x_wconf 87' lang='lat' dir='ltr'><strong>ego,</strong></span> <span class='ocrx_word' id='word_1_44' title='bbox 321 914 429 990; x_wconf 91' lang='lat' dir='ltr'><strong>inquit,</strong></span> <span class='ocrx_word' id='word_1_45' title='bbox 453 920 577 990; x_wconf 90' lang='lat' dir='ltr'><strong>quatuor</strong></span> <span class='ocrx_word' id='word_1_46' title='bbox 598 915 764 990; x_wconf 89' lang='lat' dir='ltr'><strong>septimanis</strong></span> <span class='ocrx_word' id='word_1_47' title='bbox 785 915 878 975; x_wconf 90' lang='lat' dir='ltr'><strong>minus</strong></span> <span class='ocrx_word' id='word_1_48' title='bbox 900 931 1007 976; x_wconf 89' lang='lat' dir='ltr'><strong>annum</strong></span> <span class='ocrx_word' id='word_1_49' title='bbox 1028 915 1076 974; x_wconf 91' lang='lat' dir='ltr'><strong>hic</strong></span> <span class='ocrx_word' id='word_1_50' title='bbox 1096 918 1242 992; x_wconf 89' lang='lat' dir='ltr'><strong>transigo,</strong></span> <span class='ocrx_word' id='word_1_51' title='bbox 1266 915 1328 978; x_wconf 80' lang='lat' dir='ltr'><strong>sere</strong></span> 
     </span>
     <span class='ocr_line' id='line_1_7' title="bbox 150 1018 721 1094; baseline 0 -14"><span class='ocrx_word' id='word_1_52' title='bbox 150 1018 226 1080; x_wconf 90' lang='lat' dir='ltr'><strong>adeo</strong></span> <span class='ocrx_word' id='word_1_53' title='bbox 240 1033 363 1094; x_wconf 89' lang='lat' dir='ltr'><strong>gnarus,</strong></span> <span class='ocrx_word' id='word_1_54' title='bbox 386 1026 419 1080; x_wconf 95' lang='lat' dir='ltr'><strong>ut</strong></span> <span class='ocrx_word' id='word_1_55' title='bbox 434 1036 497 1080; x_wconf 92' lang='lat' dir='ltr'><strong>cum</strong></span> <span class='ocrx_word' id='word_1_56' title='bbox 511 1020 568 1078; x_wconf 89' lang='lat' dir='ltr'><strong>huc</strong></span> <span class='ocrx_word' id='word_1_57' title='bbox 583 1021 721 1080; x_wconf 83' lang='lat' dir='ltr'><strong>venerim.</strong></span> 
     </span>
    </p>

    <p class='ocr_par' dir='ltr' id='par_1_3' title="bbox 149 1123 1328 2151">
     <span class='ocr_line' id='line_1_8' title="bbox 240 1123 1328 1201; baseline 0.005 -18"><span class='ocrx_word' id='word_1_58' title='bbox 240 1123 363 1184; x_wconf 89' lang='lat' dir='ltr'><strong>Domine</strong></span> <span class='ocrx_word' id='word_1_59' title='bbox 384 1124 478 1200; x_wconf 89' lang='lat' dir='ltr'><strong>Deus,</strong></span> <span class='ocrx_word' id='word_1_60' title='bbox 507 1127 641 1198; x_wconf 88' lang='lat' dir='ltr'><strong>quoniam</strong></span> <span class='ocrx_word' id='word_1_61' title='bbox 662 1130 791 1200; x_wconf 90' lang='lat' dir='ltr'><strong>tempore</strong></span> <span class='ocrx_word' id='word_1_62' title='bbox 811 1126 979 1186; x_wconf 80' lang='lat' dir='ltr'><strong>tentationis</strong></span> <span class='ocrx_word' id='word_1_63' title='bbox 999 1127 1082 1186; x_wconf 92' lang='lat' dir='ltr'><strong>multi</strong></span> <span class='ocrx_word' id='word_1_64' title='bbox 1099 1128 1185 1201; x_wconf 83' lang='lat' dir='ltr'><strong>juxta</strong></span> <span class='ocrx_word' id='word_1_65' title='bbox 1212 1125 1263 1188; x_wconf 86' lang='lat' dir='ltr'><strong>filii</strong></span> <span class='ocrx_word' id='word_1_66' title='bbox 1284 1128 1328 1187; x_wconf 88' lang='lat' dir='ltr'><strong>tui</strong></span> 
     </span>
     <span class='ocr_line' id='line_1_9' title="bbox 151 1227 1326 1308; baseline 0.001 -17"><span class='ocrx_word' id='word_1_67' title='bbox 151 1229 273 1292; x_wconf 85' lang='lat' dir='ltr'><strong>verbum</strong></span> <span class='ocrx_word' id='word_1_68' title='bbox 294 1231 480 1306; x_wconf 84' lang='lat' dir='ltr'><strong>respicientes</strong></span> <span class='ocrx_word' id='word_1_69' title='bbox 505 1227 542 1288; x_wconf 87' lang='lat' dir='ltr'><strong>ad</strong></span> <span class='ocrx_word' id='word_1_70' title='bbox 566 1232 708 1305; x_wconf 87' lang='lat' dir='ltr'><strong>potentiss</strong></span> <span class='ocrx_word' id='word_1_71' title='bbox 733 1236 762 1290; x_wconf 92' lang='lat' dir='ltr'><strong>et</strong></span> <span class='ocrx_word' id='word_1_72' title='bbox 785 1231 927 1291; x_wconf 89' lang='lat' dir='ltr'><strong>elementa</strong></span> <span class='ocrx_word' id='word_1_73' title='bbox 950 1231 1051 1292; x_wconf 89' lang='lat' dir='ltr'><strong>mnndi</strong></span> <span class='ocrx_word' id='word_1_74' title='bbox 1071 1232 1156 1306; x_wconf 79' lang='lat' dir='ltr'><strong>husjus</strong></span> <span class='ocrx_word' id='word_1_75' title='bbox 1176 1233 1326 1308; x_wconf 85' lang='lat' dir='ltr'><strong>recedunt,</strong></span> 
     </span>
     <span class='ocr_line' id='line_1_10' title="bbox 152 1334 1326 1411; baseline 0.001 -15"><span class='ocrx_word' id='word_1_76' title='bbox 152 1335 226 1396; x_wconf 85' lang='lat' dir='ltr'><strong>adeo</strong></span> <span class='ocrx_word' id='word_1_77' title='bbox 240 1339 283 1411; x_wconf 90' lang='lat' dir='ltr'><strong>ut,</strong></span> <span class='ocrx_word' id='word_1_78' title='bbox 307 1337 356 1410; x_wconf 90' lang='lat' dir='ltr'><strong>qui</strong></span> <span class='ocrx_word' id='word_1_79' title='bbox 370 1335 478 1409; x_wconf 68' lang='lat' dir='ltr'><strong>almuid</strong></span> <span class='ocrx_word' id='word_1_80' title='bbox 493 1337 568 1395; x_wconf 88' lang='lat' dir='ltr'><strong>inter</strong></span> <span class='ocrx_word' id='word_1_81' title='bbox 582 1339 647 1395; x_wconf 92' lang='lat' dir='ltr'><strong>tuos</strong></span> <span class='ocrx_word' id='word_1_82' title='bbox 663 1349 726 1394; x_wconf 88' lang='lat' dir='ltr'><strong>esse</strong></span> <span class='ocrx_word' id='word_1_83' title='bbox 741 1334 922 1407; x_wconf 83' lang='lat' dir='ltr'><strong>videbantur,</strong></span> <span class='ocrx_word' id='word_1_84' title='bbox 947 1351 1023 1395; x_wconf 89' lang='lat' dir='ltr'><strong>nuno</strong></span> <span class='ocrx_word' id='word_1_85' title='bbox 1036 1337 1186 1411; x_wconf 85' lang='lat' dir='ltr'><strong>propalam</strong></span> <span class='ocrx_word' id='word_1_86' title='bbox 1201 1337 1326 1398; x_wconf 87' lang='lat' dir='ltr'><strong>seculum</strong></span> 
     </span>
     <span class='ocr_line' id='line_1_11' title="bbox 150 1440 1325 1516; baseline 0 -16"><span class='ocrx_word' id='word_1_87' title='bbox 150 1441 276 1516; x_wconf 84' lang='lat' dir='ltr'><strong>amplexi</strong></span> <span class='ocrx_word' id='word_1_88' title='bbox 294 1445 363 1500; x_wconf 91' lang='lat' dir='ltr'><strong>eunt</strong></span> <span class='ocrx_word' id='word_1_89' title='bbox 382 1445 494 1500; x_wconf 83' lang='lat' dir='ltr'><strong>etcum</strong></span> <span class='ocrx_word' id='word_1_90' title='bbox 508 1440 601 1500; x_wconf 83' lang='lat' dir='ltr'><strong>caruis</strong></span> <span class='ocrx_word' id='word_1_91' title='bbox 622 1441 764 1500; x_wconf 89' lang='lat' dir='ltr'><strong>crocitant</strong></span> <span class='ocrx_word' id='word_1_92' title='bbox 783 1445 812 1500; x_wconf 92' lang='lat' dir='ltr'><strong>et</strong></span> <span class='ocrx_word' id='word_1_93' title='bbox 834 1455 897 1500; x_wconf 89' lang='lat' dir='ltr'><strong>cum</strong></span> <span class='ocrx_word' id='word_1_94' title='bbox 916 1441 996 1500; x_wconf 86' lang='lat' dir='ltr'><strong>ranis</strong></span> <span class='ocrx_word' id='word_1_95' title='bbox 1016 1447 1147 1514; x_wconf 78' lang='lat' dir='ltr'><strong>manant,</strong></span> <span class='ocrx_word' id='word_1_96' title='bbox 1169 1447 1199 1502; x_wconf 89' lang='lat' dir='ltr'><strong>te</strong></span> <span class='ocrx_word' id='word_1_97' title='bbox 1219 1457 1255 1500; x_wconf 83' lang='lat' dir='ltr'><strong>ex</strong></span> <span class='ocrx_word' id='word_1_98' title='bbox 1268 1441 1325 1500; x_wconf 94' lang='lat' dir='ltr'><strong>imo</strong></span> 
     </span>
     <span class='ocr_line' id='line_1_12' title="bbox 149 1541 1326 1621; baseline -0.001 -16"><span class='ocrx_word' id='word_1_99' title='bbox 149 1551 270 1621; x_wconf 87' lang='lat' dir='ltr'><strong>pectore</strong></span> <span class='ocrx_word' id='word_1_100' title='bbox 296 1561 350 1620; x_wconf 90' lang='lat' dir='ltr'><strong>per</strong></span> <span class='ocrx_word' id='word_1_101' title='bbox 376 1546 498 1605; x_wconf 88' lang='lat' dir='ltr'><strong>eundem</strong></span> <span class='ocrx_word' id='word_1_102' title='bbox 518 1545 705 1605; x_wconf 87' lang='lat' dir='ltr'><strong>liberatorem</strong></span> <span class='ocrx_word' id='word_1_103' title='bbox 733 1541 823 1602; x_wconf 88' lang='lat' dir='ltr'><strong>filium</strong></span> <span class='ocrx_word' id='word_1_104' title='bbox 849 1549 930 1604; x_wconf 90' lang='lat' dir='ltr'><strong>tuum</strong></span> <span class='ocrx_word' id='word_1_105' title='bbox 956 1543 1152 1620; x_wconf 87' lang='lat' dir='ltr'><strong>benedictum,</strong></span> <span class='ocrx_word' id='word_1_106' title='bbox 1182 1544 1326 1606; x_wconf 88' lang='lat' dir='ltr'><strong>dominnm</strong></span> 
     </span>
     <span class='ocr_line' id='line_1_13' title="bbox 150 1646 1326 1731; baseline -0.002 -21"><span class='ocrx_word' id='word_1_107' title='bbox 150 1656 283 1710; x_wconf 72' lang='lat' dir='ltr'><strong>noenum</strong></span> <span class='ocrx_word' id='word_1_108' title='bbox 303 1650 403 1709; x_wconf 87' lang='lat' dir='ltr'><strong>Jesum</strong></span> <span class='ocrx_word' id='word_1_109' title='bbox 424 1647 568 1710; x_wconf 78' lang='lat' dir='ltr'><strong>Christum</strong></span> <span class='ocrx_word' id='word_1_110' title='bbox 590 1649 738 1724; x_wconf 87' lang='lat' dir='ltr'><strong>deprecor,</strong></span> <span class='ocrx_word' id='word_1_111' title='bbox 762 1646 847 1710; x_wconf 86' lang='lat' dir='ltr'><strong>fidem</strong></span> <span class='ocrx_word' id='word_1_112' title='bbox 866 1665 959 1708; x_wconf 88' lang='lat' dir='ltr'><strong>meam</strong></span> <span class='ocrx_word' id='word_1_113' title='bbox 977 1650 1090 1724; x_wconf 85' lang='lat' dir='ltr'><strong>adauge</strong></span> <span class='ocrx_word' id='word_1_114' title='bbox 1110 1655 1139 1712; x_wconf 90' lang='lat' dir='ltr'><strong>et</strong></span> <span class='ocrx_word' id='word_1_115' title='bbox 1153 1650 1326 1731; x_wconf 74' lang='lat' dir='ltr'><strong>suscita,„ut</strong></span> 
     </span>
     <span class='ocr_line' id='line_1_14' title="bbox 150 1753 1325 1830; baseline -0.001 -14"><span class='ocrx_word' id='word_1_116' title='bbox 150 1756 205 1816; x_wconf 90' lang='lat' dir='ltr'><strong>tibi</strong></span> <span class='ocrx_word' id='word_1_117' title='bbox 227 1771 291 1813; x_wconf 91' lang='lat' dir='ltr'><strong>cum</strong></span> <span class='ocrx_word' id='word_1_118' title='bbox 312 1755 415 1818; x_wconf 86' lang='lat' dir='ltr'><strong>timore</strong></span> <span class='ocrx_word' id='word_1_119' title='bbox 438 1758 535 1814; x_wconf 88' lang='lat' dir='ltr'><strong>sancto</strong></span> <span class='ocrx_word' id='word_1_120' title='bbox 558 1755 667 1814; x_wconf 89' lang='lat' dir='ltr'><strong>servire</strong></span> <span class='ocrx_word' id='word_1_121' title='bbox 690 1759 719 1813; x_wconf 91' lang='lat' dir='ltr'><strong>et</strong></span> <span class='ocrx_word' id='word_1_122' title='bbox 740 1753 793 1814; x_wconf 91' lang='lat' dir='ltr'><strong>tibi</strong></span> <span class='ocrx_word' id='word_1_123' title='bbox 818 1754 944 1828; x_wconf 75' lang='lat' dir='ltr'><strong>iubilare</strong></span> <span class='ocrx_word' id='word_1_124' title='bbox 972 1770 1090 1828; x_wconf 90' lang='lat' dir='ltr'><strong>queam,</strong></span> <span class='ocrx_word' id='word_1_125' title='bbox 1118 1761 1208 1830; x_wconf 86' lang='lat' dir='ltr'><strong>utque</strong></span> <span class='ocrx_word' id='word_1_126' title='bbox 1230 1755 1325 1815; x_wconf 79' lang='lat' dir='ltr'><strong>mimo</strong></span> 
     </span>
     <span class='ocr_line' id='line_1_15' title="bbox 150 1856 1325 1934; baseline 0.001 -14"><span class='ocrx_word' id='word_1_127' title='bbox 150 1856 254 1920; x_wconf 87' lang='lat' dir='ltr'><strong>fidenti</strong></span> <span class='ocrx_word' id='word_1_128' title='bbox 269 1866 298 1920; x_wconf 89' lang='lat' dir='ltr'><strong>ct</strong></span> <span class='ocrx_word' id='word_1_129' title='bbox 311 1859 378 1918; x_wconf 88' lang='lat' dir='ltr'><strong>laeto</strong></span> <span class='ocrx_word' id='word_1_130' title='bbox 394 1875 458 1918; x_wconf 84' lang='lat' dir='ltr'><strong>omn</strong></span> <span class='ocrx_word' id='word_1_131' title='bbox 473 1875 556 1918; x_wconf 88' lang='lat' dir='ltr'><strong>servo</strong></span> <span class='ocrx_word' id='word_1_132' title='bbox 570 1863 620 1918; x_wconf 92' lang='lat' dir='ltr'><strong>tuo</strong></span> <span class='ocrx_word' id='word_1_133' title='bbox 635 1857 747 1918; x_wconf 88' lang='lat' dir='ltr'><strong>Davide</strong></span> <span class='ocrx_word' id='word_1_134' title='bbox 764 1875 868 1918; x_wconf 88' lang='lat' dir='ltr'><strong>canere</strong></span> <span class='ocrx_word' id='word_1_135' title='bbox 882 1859 1002 1932; x_wconf 87' lang='lat' dir='ltr'><strong>possim:</strong></span> <span class='ocrx_word' id='word_1_136' title='bbox 1027 1859 1058 1920; x_wconf 83' lang='lat' dir='ltr'><strong>Si</strong></span> <span class='ocrx_word' id='word_1_137' title='bbox 1077 1865 1107 1920; x_wconf 92' lang='lat' dir='ltr'><strong>te</strong></span> <span class='ocrx_word' id='word_1_138' title='bbox 1126 1860 1229 1934; x_wconf 91' lang='lat' dir='ltr'><strong>habeo,</strong></span> <span class='ocrx_word' id='word_1_139' title='bbox 1253 1858 1325 1921; x_wconf 88' lang='lat' dir='ltr'><strong>nihil</strong></span> 
     </span>
     <span class='ocr_line' id='line_1_16' title="bbox 149 1964 1322 2040; baseline -0.001 -18"><span class='ocrx_word' id='word_1_140' title='bbox 149 1980 250 2024; x_wconf 90' lang='lat' dir='ltr'><strong>moror</strong></span> <span class='ocrx_word' id='word_1_141' title='bbox 263 1965 310 2025; x_wconf 82' lang='lat' dir='ltr'><strong>uel</strong></span> <span class='ocrx_word' id='word_1_142' title='bbox 324 1965 428 2024; x_wconf 86' lang='lat' dir='ltr'><strong>coelum</strong></span> <span class='ocrx_word' id='word_1_143' title='bbox 448 1965 493 2023; x_wconf 85' lang='lat' dir='ltr'><strong>vel</strong></span> <span class='ocrx_word' id='word_1_144' title='bbox 512 1970 628 2038; x_wconf 88' lang='lat' dir='ltr'><strong>terram,</strong></span> <span class='ocrx_word' id='word_1_145' title='bbox 653 1967 750 2038; x_wconf 90' lang='lat' dir='ltr'><strong>sicque</strong></span> <span class='ocrx_word' id='word_1_146' title='bbox 768 1970 897 2024; x_wconf 89' lang='lat' dir='ltr'><strong>mortuos</strong></span> <span class='ocrx_word' id='word_1_147' title='bbox 916 1964 1040 2040; x_wconf 87' lang='lat' dir='ltr'><strong>sepelire</strong></span> <span class='ocrx_word' id='word_1_148' title='bbox 1059 1980 1125 2024; x_wconf 91' lang='lat' dir='ltr'><strong>snos</strong></span> <span class='ocrx_word' id='word_1_149' title='bbox 1140 1970 1269 2026; x_wconf 89' lang='lat' dir='ltr'><strong>mortuos</strong></span> <span class='ocrx_word' id='word_1_150' title='bbox 1285 1965 1322 2022; x_wconf 88' lang='lat' dir='ltr'><strong>si·</strong></span> 
     </span>
     <span class='ocr_line' id='line_1_17' title="bbox 151 2067 1327 2151; baseline 0 -23"><span class='ocrx_word' id='word_1_151' title='bbox 151 2086 235 2144; x_wconf 92' lang='lat' dir='ltr'><strong>nam,</strong></span> <span class='ocrx_word' id='word_1_152' title='bbox 259 2070 308 2143; x_wconf 87' lang='lat' dir='ltr'><strong>qui</strong></span> <span class='ocrx_word' id='word_1_153' title='bbox 329 2069 401 2128; x_wconf 81' lang='lat' dir='ltr'><strong>vivis</strong></span> <span class='ocrx_word' id='word_1_154' title='bbox 416 2073 445 2128; x_wconf 92' lang='lat' dir='ltr'><strong>et</strong></span> <span class='ocrx_word' id='word_1_155' title='bbox 459 2085 562 2144; x_wconf 82' lang='lat' dir='ltr'><strong>regnas</strong></span> <span class='ocrx_word' id='word_1_156' title='bbox 582 2085 646 2148; x_wconf 88' lang='lat' dir='ltr'><strong>oum</strong></span> <span class='ocrx_word' id='word_1_157' title='bbox 666 2069 765 2129; x_wconf 88' lang='lat' dir='ltr'><strong>ecdem</strong></span> <span class='ocrx_word' id='word_1_158' title='bbox 785 2067 845 2130; x_wconf 91' lang='lat' dir='ltr'><strong>filio</strong></span> <span class='ocrx_word' id='word_1_159' title='bbox 865 2073 895 2130; x_wconf 89' lang='lat' dir='ltr'><strong>ct</strong></span> <span class='ocrx_word' id='word_1_160' title='bbox 914 2085 938 2128; x_wconf 89' lang='lat' dir='ltr'><strong>s.</strong></span> <span class='ocrx_word' id='word_1_161' title='bbox 954 2071 1059 2143; x_wconf 90' lang='lat' dir='ltr'><strong>spiritu</strong></span> <span class='ocrx_word' id='word_1_162' title='bbox 1078 2072 1109 2130; x_wconf 93' lang='lat' dir='ltr'><strong>in</strong></span> <span class='ocrx_word' id='word_1_163' title='bbox 1123 2071 1220 2130; x_wconf 86' lang='lat' dir='ltr'><strong>secula</strong></span> <span class='ocrx_word' id='word_1_164' title='bbox 1234 2068 1327 2151; x_wconf 71' lang='lat' dir='ltr'><strong>Deua·</strong></span> 
     </span>
    </p>

    <p class='ocr_par' dir='ltr' id='par_1_4' title="bbox 148 2171 1328 4346">
     <span class='ocr_line' id='line_1_18' title="bbox 240 2171 1324 2250; baseline 0.002 -18"><span class='ocrx_word' id='word_1_165' title='bbox 240 2174 268 2248; x_wconf 81' lang='lat' dir='ltr'><strong>vj</strong></span> <span class='ocrx_word' id='word_1_166' title='bbox 284 2171 358 2247; x_wconf 71' lang='lat' dir='ltr'><strong>Maii</strong></span> <span class='ocrx_word' id='word_1_167' title='bbox 373 2177 404 2233; x_wconf 93' lang='lat' dir='ltr'><strong>in</strong></span> <span class='ocrx_word' id='word_1_168' title='bbox 418 2175 524 2247; x_wconf 90' lang='lat' dir='ltr'><strong>templo</strong></span> <span class='ocrx_word' id='word_1_169' title='bbox 537 2173 669 2234; x_wconf 86' lang='lat' dir='ltr'><strong>Mauritil</strong></span> <span class='ocrx_word' id='word_1_170' title='bbox 684 2179 751 2250; x_wconf 88' lang='lat' dir='ltr'><strong>post</strong></span> <span class='ocrx_word' id='word_1_171' title='bbox 763 2190 851 2234; x_wconf 92' lang='lat' dir='ltr'><strong>unum</strong></span> <span class='ocrx_word' id='word_1_172' title='bbox 866 2180 917 2234; x_wconf 91' lang='lat' dir='ltr'><strong>aut</strong></span> <span class='ocrx_word' id='word_1_173' title='bbox 931 2175 1052 2236; x_wconf 88' lang='lat' dir='ltr'><strong>alterum</strong></span> <span class='ocrx_word' id='word_1_174' title='bbox 1067 2177 1206 2250; x_wconf 89' lang='lat' dir='ltr'><strong>psalmum</strong></span> <span class='ocrx_word' id='word_1_175' title='bbox 1221 2174 1324 2235; x_wconf 87' lang='lat' dir='ltr'><strong>decan-</strong></span> 
     </span>
     <span class='ocr_line' id='line_1_19' title="bbox 149 2278 1322 2356; baseline 0.002 -18"><span class='ocrx_word' id='word_1_176' title='bbox 149 2283 243 2339; x_wconf 88' lang='lat' dir='ltr'><strong>tatum</strong></span> <span class='ocrx_word' id='word_1_177' title='bbox 257 2279 348 2336; x_wconf 91' lang='lat' dir='ltr'><strong>lector</strong></span> <span class='ocrx_word' id='word_1_178' title='bbox 363 2278 512 2338; x_wconf 89' lang='lat' dir='ltr'><strong>ambonem</strong></span> <span class='ocrx_word' id='word_1_179' title='bbox 528 2279 721 2339; x_wconf 89' lang='lat' dir='ltr'><strong>conscendens</strong></span> <span class='ocrx_word' id='word_1_180' title='bbox 737 2279 864 2340; x_wconf 87' lang='lat' dir='ltr'><strong>acclesiae</strong></span> <span class='ocrx_word' id='word_1_181' title='bbox 883 2282 921 2338; x_wconf 85' lang='lat'><strong>13</strong></span> <span class='ocrx_word' id='word_1_182' title='bbox 939 2284 1026 2356; x_wconf 90' lang='lat' dir='ltr'><strong>caput</strong></span> <span class='ocrx_word' id='word_1_183' title='bbox 1037 2279 1143 2340; x_wconf 87' lang='lat' dir='ltr'><strong>Matth.</strong></span> <span class='ocrx_word' id='word_1_184' title='bbox 1158 2280 1242 2353; x_wconf 88' lang='lat' dir='ltr'><strong>legit,-</strong></span> <span class='ocrx_word' id='word_1_185' title='bbox 1255 2295 1322 2340; x_wconf 89' lang='lat' dir='ltr'><strong>con·</strong></span> 
     </span>
     <span class='ocr_line' id='line_1_20' title="bbox 148 2380 1324 2459; baseline -0.001 -17"><span class='ocrx_word' id='word_1_186' title='bbox 148 2380 304 2442; x_wconf 76' lang='lat' dir='ltr'><strong>sessionem</strong></span> <span class='ocrx_word' id='word_1_187' title='bbox 326 2384 468 2457; x_wconf 87' lang='lat' dir='ltr'><strong>publicam</strong></span> <span class='ocrx_word' id='word_1_188' title='bbox 490 2386 679 2459; x_wconf 81' lang='lat' dir='ltr'><strong>praescripsit,</strong></span> <span class='ocrx_word' id='word_1_189' title='bbox 709 2389 739 2443; x_wconf 92' lang='lat' dir='ltr'><strong>et</strong></span> <span class='ocrx_word' id='word_1_190' title='bbox 762 2385 910 2458; x_wconf 87' lang='lat' dir='ltr'><strong>quoniam,</strong></span> <span class='ocrx_word' id='word_1_191' title='bbox 939 2385 1049 2458; x_wconf 88' lang='lat' dir='ltr'><strong>inquit,</strong></span> <span class='ocrx_word' id='word_1_192' title='bbox 1078 2385 1204 2444; x_wconf 87' lang='lat' dir='ltr'><strong>salutare</strong></span> <span class='ocrx_word' id='word_1_193' title='bbox 1226 2386 1271 2442; x_wconf 90' lang='lat' dir='ltr'><strong>est</strong></span> <span class='ocrx_word' id='word_1_194' title='bbox 1293 2387 1324 2442; x_wconf 89' lang='lat' dir='ltr'><strong>et</strong></span> 
     </span>
     <span class='ocr_line' id='line_1_21' title="bbox 150 2485 1322 2564; baseline -0.003 -16"><span class='ocrx_word' id='word_1_195' title='bbox 150 2487 266 2548; x_wconf 90' lang='lat' dir='ltr'><strong>domino</strong></span> <span class='ocrx_word' id='word_1_196' title='bbox 287 2486 352 2548; x_wconf 90' lang='lat' dir='ltr'><strong>Deo</strong></span> <span class='ocrx_word' id='word_1_197' title='bbox 372 2494 471 2548; x_wconf 88' lang='lat' dir='ltr'><strong>nostro</strong></span> <span class='ocrx_word' id='word_1_198' title='bbox 491 2489 627 2562; x_wconf 88' lang='lat' dir='ltr'><strong>placitum</strong></span> <span class='ocrx_word' id='word_1_199' title='bbox 648 2493 677 2548; x_wconf 91' lang='lat' dir='ltr'><strong>et</strong></span> <span class='ocrx_word' id='word_1_200' title='bbox 697 2495 858 2564; x_wconf 88' lang='lat' dir='ltr'><strong>acceptum,</strong></span> <span class='ocrx_word' id='word_1_201' title='bbox 883 2488 1095 2549; x_wconf 85' lang='lat' dir='ltr'><strong>obsecrationes</strong></span> <span class='ocrx_word' id='word_1_202' title='bbox 1115 2504 1168 2562; x_wconf 93' lang='lat' dir='ltr'><strong>pro</strong></span> <span class='ocrx_word' id='word_1_203' title='bbox 1192 2485 1322 2546; x_wconf 92' lang='lat' dir='ltr'><strong>omnibus</strong></span> 
     </span>
     <span class='ocr_line' id='line_1_22' title="bbox 149 2589 1323 2669; baseline -0.002 -18"><span class='ocrx_word' id='word_1_204' title='bbox 149 2589 231 2667; x_wconf 89' lang='lat' dir='ltr'><strong>fieri,</strong></span> <span class='ocrx_word' id='word_1_205' title='bbox 255 2595 329 2652; x_wconf 75' lang='lat' dir='ltr'><strong>sicum</strong></span> <span class='ocrx_word' id='word_1_206' title='bbox 348 2598 378 2652; x_wconf 91' lang='lat' dir='ltr'><strong>et</strong></span> <span class='ocrx_word' id='word_1_207' title='bbox 396 2595 521 2668; x_wconf 90' lang='lat' dir='ltr'><strong>apostoli</strong></span> <span class='ocrx_word' id='word_1_208' title='bbox 540 2594 707 2655; x_wconf 88' lang='lat' dir='ltr'><strong>docuerunt.</strong></span> <span class='ocrx_word' id='word_1_209' title='bbox 747 2593 868 2652; x_wconf 87' lang='lat' dir='ltr'><strong>Orenms</strong></span> <span class='ocrx_word' id='word_1_210' title='bbox 890 2596 979 2669; x_wconf 89' lang='lat' dir='ltr'><strong>igitur</strong></span> <span class='ocrx_word' id='word_1_211' title='bbox 997 2608 1050 2667; x_wconf 92' lang='lat' dir='ltr'><strong>pro</strong></span> <span class='ocrx_word' id='word_1_212' title='bbox 1074 2592 1197 2666; x_wconf 87' lang='lat' dir='ltr'><strong>Caesare,</strong></span> <span class='ocrx_word' id='word_1_213' title='bbox 1220 2592 1323 2666; x_wconf 88' lang='lat' dir='ltr'><strong>inquit,</strong></span> 
     </span>
     <span class='ocr_line' id='line_1_23' title="bbox 150 2696 1324 2773; baseline -0.003 -15"><span class='ocrx_word' id='word_1_214' title='bbox 150 2705 222 2772; x_wconf 76' lang='lat' dir='ltr'><strong>eta,</strong></span> <span class='ocrx_word' id='word_1_215' title='bbox 246 2703 275 2758; x_wconf 92' lang='lat' dir='ltr'><strong>et</strong></span> <span class='ocrx_word' id='word_1_216' title='bbox 297 2715 377 2759; x_wconf 92' lang='lat' dir='ltr'><strong>more</strong></span> <span class='ocrx_word' id='word_1_217' title='bbox 399 2704 534 2759; x_wconf 89' lang='lat' dir='ltr'><strong>consueto</strong></span> <span class='ocrx_word' id='word_1_218' title='bbox 558 2705 664 2759; x_wconf 85' lang='lat' dir='ltr'><strong>caetera</strong></span> <span class='ocrx_word' id='word_1_219' title='bbox 687 2703 855 2773; x_wconf 87' lang='lat' dir='ltr'><strong>prosecutus</strong></span> <span class='ocrx_word' id='word_1_220' title='bbox 877 2703 929 2758; x_wconf 89' lang='lat' dir='ltr'><strong>est.</strong></span> <span class='ocrx_word' id='word_1_221' title='bbox 966 2697 1080 2756; x_wconf 89' lang='lat' dir='ltr'><strong>Deinde</strong></span> <span class='ocrx_word' id='word_1_222' title='bbox 1103 2700 1182 2756; x_wconf 86' lang='lat' dir='ltr'><strong>canit</strong></span> <span class='ocrx_word' id='word_1_223' title='bbox 1203 2696 1324 2756; x_wconf 85' lang='lat' dir='ltr'><strong>ecclesia</strong></span> 
     </span>
     <span class='ocr_line' id='line_1_24' title="bbox 150 2801 1324 2876; baseline -0.004 -12"><span class='ocrx_word' id='word_1_224' title='bbox 150 2805 293 2864; x_wconf 88' lang='lat' dir='ltr'><strong>canticum</strong></span> <span class='ocrx_word' id='word_1_225' title='bbox 313 2803 349 2864; x_wconf 90' lang='lat' dir='ltr'><strong>de</strong></span> <span class='ocrx_word' id='word_1_226' title='bbox 368 2805 549 2864; x_wconf 87' lang='lat' dir='ltr'><strong>invocatione</strong></span> <span class='ocrx_word' id='word_1_227' title='bbox 570 2805 687 2876; x_wconf 86' lang='lat' dir='ltr'><strong>spiritus</strong></span> <span class='ocrx_word' id='word_1_228' title='bbox 703 2821 725 2862; x_wconf 90' lang='lat' dir='ltr'><strong>s.</strong></span> <span class='ocrx_word' id='word_1_229' title='bbox 743 2808 772 2862; x_wconf 89' lang='lat' dir='ltr'><strong>et</strong></span> <span class='ocrx_word' id='word_1_230' title='bbox 786 2803 814 2863; x_wconf 91' lang='lat' dir='ltr'><strong>d.</strong></span> <span class='ocrx_word' id='word_1_231' title='bbox 830 2803 978 2863; x_wconf 87' lang='lat' dir='ltr'><strong>Museulus</strong></span> <span class='ocrx_word' id='word_1_232' title='bbox 993 2805 1125 2862; x_wconf 88' lang='lat' dir='ltr'><strong>invocato</strong></span> <span class='ocrx_word' id='word_1_233' title='bbox 1138 2801 1193 2860; x_wconf 90' lang='lat' dir='ltr'><strong>Dei</strong></span> <span class='ocrx_word' id='word_1_234' title='bbox 1208 2801 1324 2860; x_wconf 91' lang='lat' dir='ltr'><strong>nomine</strong></span> 
     </span>
     <span class='ocr_line' id='line_1_25' title="bbox 151 2905 1326 2983; baseline -0.006 -15"><span class='ocrx_word' id='word_1_235' title='bbox 151 2909 384 2982; x_wconf 86' lang='lat' dir='ltr'><strong>explanationem</strong></span> <span class='ocrx_word' id='word_1_236' title='bbox 406 2910 508 2981; x_wconf 88' lang='lat' dir='ltr'><strong>capitis</strong></span> <span class='ocrx_word' id='word_1_237' title='bbox 532 2909 633 2968; x_wconf 88' lang='lat' dir='ltr'><strong>decimi</strong></span> <span class='ocrx_word' id='word_1_238' title='bbox 657 2911 748 2983; x_wconf 82' lang='lat' dir='ltr'><strong>quimi</strong></span> <span class='ocrx_word' id='word_1_239' title='bbox 769 2909 890 2968; x_wconf 79' lang='lat' dir='ltr'><strong>loannis</strong></span> <span class='ocrx_word' id='word_1_240' title='bbox 912 2909 1097 2982; x_wconf 84' lang='lat' dir='ltr'><strong>euangelistae</strong></span> <span class='ocrx_word' id='word_1_241' title='bbox 1118 2907 1240 2982; x_wconf 80' lang='lat' dir='ltr'><strong>incepit,</strong></span> <span class='ocrx_word' id='word_1_242' title='bbox 1263 2905 1326 2964; x_wconf 87' lang='lat' dir='ltr'><strong>haec</strong></span> 
     </span>
     <span class='ocr_line' id='line_1_26' title="bbox 151 3013 1324 3088; baseline -0.003 -16"><span class='ocrx_word' id='word_1_243' title='bbox 151 3013 241 3072; x_wconf 84' lang='lat' dir='ltr'><strong>verba</strong></span> <span class='ocrx_word' id='word_1_244' title='bbox 254 3016 393 3072; x_wconf 78' lang='lat' dir='ltr'><strong>recitem:</strong></span> <span class='ocrx_word' id='word_1_245' title='bbox 420 3013 503 3088; x_wconf 78' lang='lat' dir='ltr'><strong>«Ego</strong></span> <span class='ocrx_word' id='word_1_246' title='bbox 518 3030 580 3072; x_wconf 89' lang='lat' dir='ltr'><strong>sum</strong></span> <span class='ocrx_word' id='word_1_247' title='bbox 595 3016 661 3072; x_wconf 82' lang='lat' dir='ltr'><strong>vitis</strong></span> <span class='ocrx_word' id='word_1_248' title='bbox 677 3029 746 3072; x_wconf 87' lang='lat' dir='ltr'><strong>vera</strong></span> <span class='ocrx_word' id='word_1_249' title='bbox 761 3019 790 3074; x_wconf 91' lang='lat' dir='ltr'><strong>et</strong></span> <span class='ocrx_word' id='word_1_250' title='bbox 804 3019 889 3088; x_wconf 90' lang='lat' dir='ltr'><strong>pater</strong></span> <span class='ocrx_word' id='word_1_251' title='bbox 902 3030 982 3073; x_wconf 88' lang='lat' dir='ltr'><strong>meus</strong></span> <span class='ocrx_word' id='word_1_252' title='bbox 997 3013 1126 3088; x_wconf 85' lang='lat' dir='ltr'><strong>agricola</strong></span> <span class='ocrx_word' id='word_1_253' title='bbox 1140 3016 1195 3084; x_wconf 89' lang='lat' dir='ltr'><strong>est,</strong></span> <span class='ocrx_word' id='word_1_254' title='bbox 1212 3025 1324 3070; x_wconf 89' lang='lat' dir='ltr'><strong>omnem</strong></span> 
     </span>
     <span class='ocr_line' id='line_1_27' title="bbox 151 3115 1322 3194; baseline -0.003 -18"><span class='ocrx_word' id='word_1_255' title='bbox 151 3119 299 3192; x_wconf 85' lang='lat' dir='ltr'><strong>palmitem</strong></span> <span class='ocrx_word' id='word_1_256' title='bbox 319 3119 350 3177; x_wconf 94' lang='lat' dir='ltr'><strong>in</strong></span> <span class='ocrx_word' id='word_1_257' title='bbox 372 3135 417 3176; x_wconf 91' lang='lat' dir='ltr'><strong>me</strong></span> <span class='ocrx_word' id='word_1_258' title='bbox 440 3133 497 3176; x_wconf 91' lang='lat' dir='ltr'><strong>non</strong></span> <span class='ocrx_word' id='word_1_259' title='bbox 517 3117 657 3178; x_wconf 83' lang='lat' dir='ltr'><strong>ferentem</strong></span> <span class='ocrx_word' id='word_1_260' title='bbox 675 3117 799 3179; x_wconf 83' lang='lat' dir='ltr'><strong>fructum</strong></span> <span class='ocrx_word' id='word_1_261' title='bbox 820 3118 989 3194; x_wconf 88' lang='lat' dir='ltr'><strong>amputabit,</strong></span> <span class='ocrx_word' id='word_1_262' title='bbox 1013 3123 1043 3177; x_wconf 89' lang='lat' dir='ltr'><strong>et</strong></span> <span class='ocrx_word' id='word_1_263' title='bbox 1057 3133 1167 3178; x_wconf 91' lang='lat' dir='ltr'><strong>omnem</strong></span> <span class='ocrx_word' id='word_1_264' title='bbox 1182 3115 1322 3176; x_wconf 80' lang='lat' dir='ltr'><strong>terentem</strong></span> 
     </span>
     <span class='ocr_line' id='line_1_28' title="bbox 151 3219 1322 3306; baseline -0.002 -26"><span class='ocrx_word' id='word_1_265' title='bbox 151 3219 275 3280; x_wconf 87' lang='lat' dir='ltr'><strong>fructum</strong></span> <span class='ocrx_word' id='word_1_266' title='bbox 290 3222 436 3296; x_wconf 87' lang='lat' dir='ltr'><strong>purgabit,</strong></span> <span class='ocrx_word' id='word_1_267' title='bbox 452 3227 485 3282; x_wconf 93' lang='lat' dir='ltr'><strong>ut</strong></span> <span class='ocrx_word' id='word_1_268' title='bbox 498 3222 661 3282; x_wconf 89' lang='lat' dir='ltr'><strong>uberiorem</strong></span> <span class='ocrx_word' id='word_1_269' title='bbox 676 3221 799 3283; x_wconf 85' lang='lat' dir='ltr'><strong>fructum</strong></span> <span class='ocrx_word' id='word_1_270' title='bbox 820 3227 933 3298; x_wconf 77' lang='lat' dir='ltr'><strong>gerat«</strong></span> <span class='ocrx_word' id='word_1_271' title='bbox 965 3223 1019 3282; x_wconf 91' lang='lat' dir='ltr'><strong>His</strong></span> <span class='ocrx_word' id='word_1_272' title='bbox 1033 3222 1168 3306; x_wconf 87' lang='lat' dir='ltr'><strong>perlectis</strong></span> <span class='ocrx_word' id='word_1_273' title='bbox 1189 3237 1242 3294; x_wconf 91' lang='lat' dir='ltr'><strong>per</strong></span> <span class='ocrx_word' id='word_1_274' title='bbox 1261 3234 1322 3278; x_wconf 88' lang='lat' dir='ltr'><strong>mo·</strong></span> 
     </span>
     <span class='ocr_line' id='line_1_29' title="bbox 153 3327 1321 3403; baseline -0.002 -17"><span class='ocrx_word' id='word_1_275' title='bbox 153 3328 222 3386; x_wconf 90' lang='lat' dir='ltr'><strong>dum</strong></span> <span class='ocrx_word' id='word_1_276' title='bbox 236 3327 344 3402; x_wconf 79' lang='lat' dir='ltr'><strong>epilogi</strong></span> <span class='ocrx_word' id='word_1_277' title='bbox 359 3343 423 3401; x_wconf 77' lang='lat' dir='ltr'><strong>quse</strong></span> <span class='ocrx_word' id='word_1_278' title='bbox 438 3330 469 3387; x_wconf 92' lang='lat' dir='ltr'><strong>in</strong></span> <span class='ocrx_word' id='word_1_279' title='bbox 484 3331 578 3403; x_wconf 86' lang='lat' dir='ltr'><strong>capite</strong></span> <span class='ocrx_word' id='word_1_280' title='bbox 597 3331 646 3401; x_wconf 79' lang='lat'><strong>12,</strong></span> <span class='ocrx_word' id='word_1_281' title='bbox 673 3331 711 3387; x_wconf 87' lang='grc'><strong>13</strong></span> <span class='ocrx_word' id='word_1_282' title='bbox 729 3333 758 3388; x_wconf 91' lang='lat' dir='ltr'><strong>et</strong></span> <span class='ocrx_word' id='word_1_283' title='bbox 776 3332 816 3387; x_wconf 80' lang='lat'><strong>14</strong></span> <span class='ocrx_word' id='word_1_284' title='bbox 832 3328 970 3389; x_wconf 86' lang='lat' dir='ltr'><strong>docuerat</strong></span> <span class='ocrx_word' id='word_1_285' title='bbox 988 3329 1107 3403; x_wconf 88' lang='lat' dir='ltr'><strong>repetiit</strong></span> <span class='ocrx_word' id='word_1_286' title='bbox 1125 3331 1156 3385; x_wconf 90' lang='lat' dir='ltr'><strong>et</strong></span> <span class='ocrx_word' id='word_1_287' title='bbox 1175 3330 1244 3384; x_wconf 88' lang='lat' dir='ltr'><strong>tunc</strong></span> <span class='ocrx_word' id='word_1_288' title='bbox 1257 3330 1321 3384; x_wconf 89' lang='lat' dir='ltr'><strong>tan-</strong></span> 
     </span>
     <span class='ocr_line' id='line_1_30' title="bbox 151 3427 1323 3506; baseline -0.005 -16"><span class='ocrx_word' id='word_1_289' title='bbox 151 3437 213 3490; x_wconf 92' lang='lat' dir='ltr'><strong>tum</strong></span> <span class='ocrx_word' id='word_1_290' title='bbox 229 3447 291 3490; x_wconf 88' lang='lat' dir='ltr'><strong>eam</strong></span> <span class='ocrx_word' id='word_1_291' title='bbox 306 3435 491 3506; x_wconf 87' lang='lat' dir='ltr'><strong>sententiam,</strong></span> <span class='ocrx_word' id='word_1_292' title='bbox 519 3433 601 3506; x_wconf 83' lang='lat' dir='ltr'><strong>«Ego</strong></span> <span class='ocrx_word' id='word_1_293' title='bbox 616 3449 678 3492; x_wconf 89' lang='lat' dir='ltr'><strong>sum</strong></span> <span class='ocrx_word' id='word_1_294' title='bbox 693 3434 759 3492; x_wconf 88' lang='lat' dir='ltr'><strong>uitis</strong></span> <span class='ocrx_word' id='word_1_295' title='bbox 774 3450 844 3492; x_wconf 88' lang='lat' dir='ltr'><strong>vera</strong></span> <span class='ocrx_word' id='word_1_296' title='bbox 859 3438 889 3492; x_wconf 87' lang='lat' dir='ltr'><strong>et</strong></span> <span class='ocrx_word' id='word_1_297' title='bbox 902 3438 987 3506; x_wconf 90' lang='lat' dir='ltr'><strong>pater</strong></span> <span class='ocrx_word' id='word_1_298' title='bbox 1001 3446 1080 3489; x_wconf 87' lang='lat' dir='ltr'><strong>meus</strong></span> <span class='ocrx_word' id='word_1_299' title='bbox 1104 3427 1232 3502; x_wconf 86' lang='lat' dir='ltr'><strong>agricola</strong></span> <span class='ocrx_word' id='word_1_300' title='bbox 1247 3432 1323 3499; x_wconf 81' lang='lat' dir='ltr'><strong>est«,</strong></span> 
     </span>
     <span class='ocr_line' id='line_1_31' title="bbox 152 3531 1324 3614; baseline -0.002 -20"><span class='ocrx_word' id='word_1_301' title='bbox 152 3537 363 3611; x_wconf 86' lang='lat' dir='ltr'><strong>explanandum</strong></span> <span class='ocrx_word' id='word_1_302' title='bbox 379 3539 511 3614; x_wconf 89' lang='lat' dir='ltr'><strong>suscepit,</strong></span> <span class='ocrx_word' id='word_1_303' title='bbox 535 3537 678 3596; x_wconf 90' lang='lat' dir='ltr'><strong>disserens</strong></span> <span class='ocrx_word' id='word_1_304' title='bbox 692 3538 783 3596; x_wconf 92' lang='lat' dir='ltr'><strong>multa</strong></span> <span class='ocrx_word' id='word_1_305' title='bbox 801 3537 836 3595; x_wconf 90' lang='lat' dir='ltr'><strong>de</strong></span> <span class='ocrx_word' id='word_1_306' title='bbox 856 3537 910 3595; x_wconf 89' lang='lat' dir='ltr'><strong>hac</strong></span> <span class='ocrx_word' id='word_1_307' title='bbox 931 3533 1122 3608; x_wconf 90' lang='lat' dir='ltr'><strong>pulcherrima</strong></span> <span class='ocrx_word' id='word_1_308' title='bbox 1138 3531 1324 3592; x_wconf 91' lang='lat' dir='ltr'><strong>similitudine</strong></span> 
     </span>
     <span class='ocr_line' id='line_1_32' title="bbox 153 3635 1328 3716; baseline -0.007 -16"><span class='ocrx_word' id='word_1_309' title='bbox 153 3645 185 3700; x_wconf 92' lang='lat' dir='ltr'><strong>et</strong></span> <span class='ocrx_word' id='word_1_310' title='bbox 197 3643 410 3716; x_wconf 89' lang='lat' dir='ltr'><strong>comparatione</strong></span> <span class='ocrx_word' id='word_1_311' title='bbox 426 3639 532 3700; x_wconf 83' lang='lat' dir='ltr'><strong>Christi</strong></span> <span class='ocrx_word' id='word_1_312' title='bbox 546 3640 584 3700; x_wconf 85' lang='lat' dir='ltr'><strong>sd</strong></span> <span class='ocrx_word' id='word_1_313' title='bbox 598 3643 693 3702; x_wconf 90' lang='lat' dir='ltr'><strong>vitem.</strong></span> <span class='ocrx_word' id='word_1_314' title='bbox 724 3642 808 3713; x_wconf 91' lang='lat' dir='ltr'><strong>ltem,</strong></span> <span class='ocrx_word' id='word_1_315' title='bbox 832 3655 921 3712; x_wconf 83' lang='lat' dir='ltr'><strong>quare</strong></span> <span class='ocrx_word' id='word_1_316' title='bbox 943 3637 1073 3697; x_wconf 80' lang='lat' dir='ltr'><strong>Christus</strong></span> <span class='ocrx_word' id='word_1_317' title='bbox 1093 3654 1145 3714; x_wconf 88' lang='lat' dir='ltr'><strong>per</strong></span> <span class='ocrx_word' id='word_1_318' title='bbox 1165 3635 1328 3696; x_wconf 47' lang='lat' dir='ltr'><strong>similitude</strong></span> 
     </span>
     <span class='ocr_line' id='line_1_33' title="bbox 153 3741 1324 3821; baseline -0.002 -17"><span class='ocrx_word' id='word_1_319' title='bbox 153 3761 205 3804; x_wconf 90' lang='lat' dir='ltr'><strong>nes</strong></span> <span class='ocrx_word' id='word_1_320' title='bbox 224 3745 303 3819; x_wconf 89' lang='lat' dir='ltr'><strong>loqui</strong></span> <span class='ocrx_word' id='word_1_321' title='bbox 321 3746 465 3821; x_wconf 87' lang='lat' dir='ltr'><strong>maluerit,</strong></span> <span class='ocrx_word' id='word_1_322' title='bbox 489 3747 563 3806; x_wconf 90' lang='lat' dir='ltr'><strong>hano</strong></span> <span class='ocrx_word' id='word_1_323' title='bbox 577 3747 701 3806; x_wconf 88' lang='lat' dir='ltr'><strong>reddens</strong></span> <span class='ocrx_word' id='word_1_324' title='bbox 725 3747 786 3820; x_wconf 78' lang='lat' dir='ltr'><strong>eJus</strong></span> <span class='ocrx_word' id='word_1_325' title='bbox 807 3746 850 3804; x_wconf 94' lang='lat' dir='ltr'><strong>rei</strong></span> <span class='ocrx_word' id='word_1_326' title='bbox 868 3745 1026 3819; x_wconf 84' lang='lat' dir='ltr'><strong>rationem,</strong></span> <span class='ocrx_word' id='word_1_327' title='bbox 1049 3743 1182 3804; x_wconf 87' lang='lat' dir='ltr'><strong>nimirum</strong></span> <span class='ocrx_word' id='word_1_328' title='bbox 1203 3741 1324 3816; x_wconf 85' lang='lat' dir='ltr'><strong>grandia</strong></span> 
     </span>
     <span class='ocr_line' id='line_1_34' title="bbox 153 3847 1326 3926; baseline -0.002 -16"><span class='ocrx_word' id='word_1_329' title='bbox 153 3865 227 3924; x_wconf 87' lang='lat' dir='ltr'><strong>esse,</strong></span> <span class='ocrx_word' id='word_1_330' title='bbox 251 3852 287 3910; x_wconf 91' lang='lat' dir='ltr'><strong>de</strong></span> <span class='ocrx_word' id='word_1_331' title='bbox 303 3849 406 3923; x_wconf 88' lang='lat' dir='ltr'><strong>quibus</strong></span> <span class='ocrx_word' id='word_1_332' title='bbox 422 3849 551 3910; x_wconf 81' lang='lat' dir='ltr'><strong>Christus</strong></span> <span class='ocrx_word' id='word_1_333' title='bbox 571 3868 625 3926; x_wconf 90' lang='lat' dir='ltr'><strong>per</strong></span> <span class='ocrx_word' id='word_1_334' title='bbox 643 3851 799 3926; x_wconf 85' lang='lat' dir='ltr'><strong>parabolas</strong></span> <span class='ocrx_word' id='word_1_335' title='bbox 818 3851 930 3910; x_wconf 88' lang='lat' dir='ltr'><strong>locutus</strong></span> <span class='ocrx_word' id='word_1_336' title='bbox 951 3852 997 3924; x_wconf 91' lang='lat' dir='ltr'><strong>sit,</strong></span> <span class='ocrx_word' id='word_1_337' title='bbox 1021 3853 1175 3925; x_wconf 90' lang='lat' dir='ltr'><strong>propterea</strong></span> <span class='ocrx_word' id='word_1_338' title='bbox 1189 3848 1266 3922; x_wconf 87' lang='lat' dir='ltr'><strong>quod</strong></span> <span class='ocrx_word' id='word_1_339' title='bbox 1279 3847 1326 3908; x_wconf 85' lang='lat' dir='ltr'><strong>hae</strong></span> 
     </span>
     <span class='ocr_line' id='line_1_35' title="bbox 153 3952 1325 4030; baseline -0.001 -17"><span class='ocrx_word' id='word_1_340' title='bbox 153 3952 264 4014; x_wconf 79' lang='lat' dir='ltr'><strong>facilius</strong></span> <span class='ocrx_word' id='word_1_341' title='bbox 287 3972 307 4015; x_wconf 90' lang='lat' dir='ltr'><strong>a</strong></span> <span class='ocrx_word' id='word_1_342' title='bbox 333 3954 508 4030; x_wconf 87' lang='lat' dir='ltr'><strong>simplicibus</strong></span> <span class='ocrx_word' id='word_1_343' title='bbox 536 3957 700 4030; x_wconf 91' lang='lat' dir='ltr'><strong>capiantur,</strong></span> <span class='ocrx_word' id='word_1_344' title='bbox 729 3961 759 4015; x_wconf 88' lang='lat' dir='ltr'><strong>et</strong></span> <span class='ocrx_word' id='word_1_345' title='bbox 780 3957 871 4030; x_wconf 89' lang='lat' dir='ltr'><strong>magis</strong></span> <span class='ocrx_word' id='word_1_346' title='bbox 899 3956 994 4016; x_wconf 87' lang='lat' dir='ltr'><strong>animo</strong></span> <span class='ocrx_word' id='word_1_347' title='bbox 1021 3953 1161 4014; x_wconf 87' lang='lat' dir='ltr'><strong>haereant.</strong></span> <span class='ocrx_word' id='word_1_348' title='bbox 1199 3955 1325 4012; x_wconf 85' lang='lat' dir='ltr'><strong>innuens</strong></span> 
     </span>
     <span class='ocr_line' id='line_1_36' title="bbox 155 4058 1327 4135; baseline -0.005 -15"><span class='ocrx_word' id='word_1_349' title='bbox 155 4058 300 4120; x_wconf 83' lang='lat' dir='ltr'><strong>Christum</strong></span> <span class='ocrx_word' id='word_1_350' title='bbox 313 4060 434 4120; x_wconf 92' lang='lat' dir='ltr'><strong>subinde</strong></span> <span class='ocrx_word' id='word_1_351' title='bbox 449 4060 699 4120; x_wconf 85' lang='lat' dir='ltr'><strong>assimilationibus</strong></span> <span class='ocrx_word' id='word_1_352' title='bbox 719 4077 810 4135; x_wconf 85' lang='lat' dir='ltr'><strong>usum,</strong></span> <span class='ocrx_word' id='word_1_353' title='bbox 834 4064 867 4119; x_wconf 91' lang='lat' dir='ltr'><strong>nt</strong></span> <span class='ocrx_word' id='word_1_354' title='bbox 886 4077 950 4120; x_wconf 90' lang='lat' dir='ltr'><strong>oum</strong></span> <span class='ocrx_word' id='word_1_355' title='bbox 971 4076 1002 4120; x_wconf 88' lang='lat' dir='ltr'><strong>se</strong></span> <span class='ocrx_word' id='word_1_356' title='bbox 1017 4060 1112 4118; x_wconf 82' lang='lat' dir='ltr'><strong>ovium</strong></span> <span class='ocrx_word' id='word_1_357' title='bbox 1126 4058 1237 4133; x_wconf 87' lang='lat' dir='ltr'><strong>pastori</strong></span> <span class='ocrx_word' id='word_1_358' title='bbox 1251 4071 1327 4114; x_wconf 88' lang='lat' dir='ltr'><strong>com-</strong></span> 
     </span>
     <span class='ocr_line' id='line_1_37' title="bbox 153 4160 1325 4244; baseline -0.003 -20"><span class='ocrx_word' id='word_1_359' title='bbox 153 4171 247 4244; x_wconf 87' lang='lat' dir='ltr'><strong>parat,</strong></span> <span class='ocrx_word' id='word_1_360' title='bbox 271 4166 433 4240; x_wconf 89' lang='lat' dir='ltr'><strong>seminanti,</strong></span> <span class='ocrx_word' id='word_1_361' title='bbox 455 4163 528 4226; x_wconf 87' lang='lat' dir='ltr'><strong>fonti</strong></span> <span class='ocrx_word' id='word_1_362' title='bbox 543 4181 625 4239; x_wconf 87' lang='lat' dir='ltr'><strong>aquae</strong></span> <span class='ocrx_word' id='word_1_363' title='bbox 640 4165 716 4240; x_wconf 85' lang='lat' dir='ltr'><strong>vitae,</strong></span> <span class='ocrx_word' id='word_1_364' title='bbox 740 4166 808 4240; x_wconf 88' lang='lat' dir='ltr'><strong>pani</strong></span> <span class='ocrx_word' id='word_1_365' title='bbox 822 4165 932 4226; x_wconf 89' lang='lat' dir='ltr'><strong>coelesti</strong></span> <span class='ocrx_word' id='word_1_366' title='bbox 951 4172 1015 4238; x_wconf 82' lang='lat' dir='ltr'><strong>etc,</strong></span> <span class='ocrx_word' id='word_1_367' title='bbox 1039 4160 1163 4222; x_wconf 87' lang='lat' dir='ltr'><strong>dilucide</strong></span> <span class='ocrx_word' id='word_1_368' title='bbox 1183 4163 1325 4220; x_wconf 87' lang='lat' dir='ltr'><strong>annotans</strong></span> 
     </span>
     <span class='ocr_line' id='line_1_38' title="bbox 153 4264 1327 4346; baseline 0 -20"><span class='ocrx_word' id='word_1_369' title='bbox 153 4268 186 4326; x_wconf 94' lang='lat' dir='ltr'><strong>in</strong></span> <span class='ocrx_word' id='word_1_370' title='bbox 206 4269 309 4343; x_wconf 87' lang='lat' dir='ltr'><strong>quihus</strong></span> <span class='ocrx_word' id='word_1_371' title='bbox 327 4271 468 4346; x_wconf 89' lang='lat' dir='ltr'><strong>capitibus</strong></span> <span class='ocrx_word' id='word_1_372' title='bbox 483 4276 512 4330; x_wconf 89' lang='lat' dir='ltr'><strong>et</strong></span> <span class='ocrx_word' id='word_1_373' title='bbox 526 4271 597 4329; x_wconf 90' lang='lat' dir='ltr'><strong>locis</strong></span> <span class='ocrx_word' id='word_1_374' title='bbox 617 4269 868 4344; x_wconf 86' lang='lat' dir='ltr'><strong>Evangehstarum</strong></span> <span class='ocrx_word' id='word_1_375' title='bbox 888 4271 1007 4344; x_wconf 81' lang='lat' dir='ltr'><strong>singulae</strong></span> <span class='ocrx_word' id='word_1_376' title='bbox 1027 4265 1254 4340; x_wconf 87' lang='lat' dir='ltr'><strong>comparationes</strong></span> <span class='ocrx_word' id='word_1_377' title='bbox 1273 4264 1327 4326; x_wconf 90' lang='lat' dir='ltr'><strong>ha·</strong></span> 
     </span>
    </p>
   </div>
   <div class='ocr_carea' id='block_1_3' title="bbox 154 4370 1325 4531">
    <p class='ocr_par' dir='ltr' id='par_1_5' title="bbox 154 4370 1325 4531">
     <span class='ocr_line' id='line_1_39' title="bbox 154 4370 1325 4451; baseline -0.003 -16"><span class='ocrx_word' id='word_1_378' title='bbox 154 4373 305 4451; x_wconf 87' lang='lat' dir='ltr'><strong>berentur,</strong></span> <span class='ocrx_word' id='word_1_379' title='bbox 329 4376 377 4450; x_wconf 90' lang='lat' dir='ltr'><strong>pie</strong></span> <span class='ocrx_word' id='word_1_380' title='bbox 400 4375 510 4450; x_wconf 87' lang='lat' dir='ltr'><strong>pariter</strong></span> <span class='ocrx_word' id='word_1_381' title='bbox 532 4390 567 4433; x_wconf 85' lang='lat' dir='ltr'><strong>sc</strong></span> <span class='ocrx_word' id='word_1_382' title='bbox 590 4374 673 4435; x_wconf 90' lang='lat' dir='ltr'><strong>docte</strong></span> <span class='ocrx_word' id='word_1_383' title='bbox 696 4390 745 4436; x_wconf 89' lang='lat' dir='ltr'><strong>eas</strong></span> <span class='ocrx_word' id='word_1_384' title='bbox 768 4374 872 4434; x_wconf 89' lang='lat' dir='ltr'><strong>cursim</strong></span> <span class='ocrx_word' id='word_1_385' title='bbox 895 4373 1055 4445; x_wconf 86' lang='lat' dir='ltr'><strong>elucidans,</strong></span> <span class='ocrx_word' id='word_1_386' title='bbox 1083 4370 1228 4446; x_wconf 76' lang='lat' dir='ltr'><strong>praecipue</strong></span> <span class='ocrx_word' id='word_1_387' title='bbox 1251 4385 1325 4450; x_wconf 86' lang='lat' dir='ltr'><strong>eam,</strong></span> 
     </span>
     <span class='ocr_line' id='line_1_40' title="bbox 1066 4471 1111 4531; baseline 0 -25"><span class='ocrx_word' id='word_1_388' title='bbox 1066 4475 1084 4531; x_wconf 70' lang='grc' dir='ltr'>ὅ</span> <span class='ocrx_word' id='word_1_389' title='bbox 1096 4471 1111 4506; x_wconf 57' lang='lat'><strong>¹&amp;</strong></span> 
     </span>
    </p>
   </div>
   <div class='ocr_carea' id='block_1_4' title="bbox 0 0 1520 4894">
    <p class='ocr_par' dir='ltr' id='par_1_6' title="bbox 0 0 1520 4894">
     <span class='ocr_line' id='line_1_41' title="bbox 0 0 1520 4894; baseline 0 0"><span class='ocrx_word' id='word_1_390' title='bbox 0 0 1520 4894; x_wconf 95' lang='lat' dir='ltr'><strong> </strong></span> 
     </span>
    </p>
   </div>
  </div>
 </body>
</html>
