2966 4900
689 349 762 422 ‘aia

355 535 471 590 Barbara
488 536 579 588 matris
598 539 654 588 erat
671 549 766 586 nomen
783 535 917 603 patrisque
935 533 1063 602 Georges.

390 625 444 676 Hie
461 624 532 674 rexit
548 623 660 691 Mysios,
679 623 832 676 Sauromata
849 622 899 674 illa
917 622 974 674 init

354 711 471 778 Pignora
489 727 599 778 eumque
616 711 706 764 decem
723 711 868 778 peperisset
885 709 965 762 chara
982 711 1084 773 marito,

382 800 445 862 Qure
462 815 554 850 sexum
572 815 679 851 numero
698 799 855 852 distribuere
873 801 940 866 pari,

355 886 428 953 Seps
447 902 523 938 snum
542 871 653 954 supplex
672 893 773 939 tentans
790 902 914 939 rerooare
932 887 1061 949 maritum,

391 975 474 1038 Quem
492 981 538 1027 tua
555 977 695 1043 captivum,
714 975 815 1038 carole,
834 980 936 1042 sceptra
954 980 1050 1026 tenent.

358 1063 393 1113 Ut
410 1063 478 1114 nihil
498 1064 585 1115 effecit
603 1064 725 1131 preoibus
744 1063 905 1130 multumque
922 1062 1049 1130 rogando,

391 1151 421 1202 In
441 1151 561 1204 morbum
578 1150 684 1202 rediens
703 1150 797 1204 inuidit
816 1151 865 1202 illa
883 1166 999 1218 gravem.

355 1237 424 1290 Ossa
441 1240 524 1306 phtisi
542 1240 614 1291 lenta
631 1245 776 1306 moestoque
795 1239 923 1290 exhauste
940 1236 1031 1290 labore

390 1328 461 1380 Mors
479 1329 556 1395 rapit,
575 1329 609 1379 ad
628 1329 724 1379 aoelum
743 1343 816 1378 mens
835 1328 879 1394 pia
897 1326 981 1392 oarpit
998 1327 1054 1375 iter.

235 1423 320 1484 Anno
349 1421 504 1484 salutifere
525 1420 728 1494 redemptionis
755 1423 861 1481 nostrae
881 1419 1126 1493 sesquimillesimo
1153 1421 1313 1496 quadrage-

137 1527 217 1587 simo
247 1544 322 1589 nono
342 1530 373 1587 in
387 1529 523 1588 nundinis
548 1525 758 1586 autumnalibus
777 1523 962 1584 Franeofurti
985 1523 1022 1584 ad
1036 1525 1167 1584 Moenum
1181 1526 1315 1586 vicesima

138 1630 315 1706 septembris
330 1648 383 1707 per
396 1632 538 1692 ioannem
554 1631 679 1691 Nellium
694 1629 776 1690 nobis
792 1629 942 1690 asseratis
958 1633 987 1688 et
993 1628 1153 1688 Adrianum
1168 1631 1315 1691 aZertzen

138 1737 274 1812 nothum,
289 1735 455 1811 praelectum
470 1738 544 1796 areis
560 1741 666 1796 nostrae
679 1733 828 1808 waldach,
843 1735 987 1808 receptori
1001 1751 1052 1794 seu
1068 1735 1203 1810 quaestori
1219 1737 1314 1795 erarii

138 1842 337 1916 imperatoriae
353 1843 511 1916 maiestatis
526 1858 578 1917 per
593 1839 745 1901 inferiores
760 1840 941 1916 Germanias,
970 1837 1061 1899 Wolff
1071 1839 1172 1898 Heller
1191 1841 1227 1900 ab
1242 1841 1312 1901 Hel·

138 1947 265 2006 lerstein
280 1950 403 2020 quatuor
417 1947 507 2006 millia
521 1944 694 2006 florenorum
709 1949 808 2006 nostro
823 1946 936 2005 nomine
951 1952 1148 2005 numerarunt.
1179 1946 1255 2005 Nam
1268 1947 1314 2005 bio

141 2057 212 2114 erat
231 2053 345 2111 ultimus
365 2052 503 2112 terminus
526 2055 590 2110 octo
613 2051 735 2109 millium
755 2048 928 2110 florenorum
950 2049 1088 2123 solvendi,
1120 2065 1191 2123 quos
1214 2053 1314 2110 caesari

142 2157 251 2217 Carolo
267 2157 366 2229 quinto
381 2156 412 2214 in
425 2155 560 2215 muletam
576 2155 613 2234 (si
627 2156 681 2214 diis
696 2153 802 2230 placet)
818 2156 849 2214 in
863 2154 994 2228 Augusta
1005 2154 1219 2215 Vindelicorum
1238 2173 1313 2217 auno

144 2263 206 2322 dni.
216 2260 442 2320 1548viaesima
449 2259 627 2334 primadunii
636 2276 689 2318 nos
699 2258 817 2318 daturos
827 2258 957 2333 stipulati
967 2274 1089 2330 eramus,
1099 2260 1195 2330 sieque
1209 2275 1313 2333 magno

143 2371 247 2426 nostro
257 2369 475 2437 nostrorumque
483 2365 550 2424 licet
559 2363 718 2438 dispendio,
727 2368 760 2422 ut
770 2362 810 2437 id,
820 2363 898 2436 quod
906 2362 1007 2420 eadem
1014 2363 1077 2434 ipsa
1085 2362 1131 2420 die
1139 2363 1312 2437 scripserim,

144 2471 269 2530 soilioet:
292 2469 367 2542 »Qui
382 2466 462 2529 dedit
475 2471 572 2543 vitam,
589 2468 670 2528 dabit
684 2472 714 2526 et
728 2467 910 2542 pecuniam«,
926 2465 1111 2537 adimpletum
1126 2467 1171 2539 sit,
1195 2483 1314 2538 speran-

144 2581 192 2634 tes
207 2577 295 2649 igitur
317 2575 436 2634 ulterius
457 2573 494 2634 de
512 2589 599 2632 manu
619 2573 740 2646 domini,
763 2572 844 2646 oujm
858 2570 1021 2630 benedictio
1041 2570 1103 2629 sola
1118 2568 1220 2650 divites
1235 2568 1312 2644 facit,

146 2679 232 2737 deum
253 2683 364 2752 patrem
379 2679 525 2737 eoelestem
540 2694 603 2737 oum
617 2675 677 2737 filio
692 2677 754 2749 ejus
768 2675 932 2750 benedicto,
956 2673 1072 2733 domino
1095 2676 1125 2732 et
1138 2672 1313 2749 redemptori

146 2789 246 2843 nostro
261 2783 332 2842 1111
342 2782 465 2858 Christo,
480 2799 537 2842 una
551 2788 582 2842 et
596 2799 618 2842 s.
633 2781 736 2856 spiritu
750 2778 899 2840 laudamus
915 2785 945 2840 et
958 2778 1151 2840 benedicimus
1173 2778 1203 2836 in
1218 2777 1315 2837 secula

146 2887 315 2946 seculorum.
353 2887 486 2946 Pecuniae
501 2892 597 2948 autem
612 2885 784 2960 supradictae
798 2886 906 2958 primus
920 2883 1064 2944 solvendae
1078 2884 1216 2942 terminus
1232 2883 1314 2942 nobis

148 2991 188 3052 ad
202 2991 344 3052 nundinas
366 2989 612 3052 francofordiense
632 2993 700 3050 anni
720 2991 827 3050 domini
849 2989 933 3048 1548
962 2988 1086 3049 indictus
1100 2993 1172 3065 erat,
1198 2994 1227 3050 et
1240 2990 1314 3052 alter

147 3095 185 3156 ad
203 3097 345 3156 nundinas
365 3097 543 3157 autumnales
556 3097 642 3170 hujus
657 3097 733 3155 anni.
771 3095 817 3154 Ne
839 3100 934 3156 autem
949 3111 967 3154 a
981 3097 1105 3170 posteris
1119 3096 1315 3157 incusaremur

146 3206 256 3260 tantam
270 3202 455 3274 pecuniarum
470 3203 537 3275 vim,
559 3202 692 3261 nimirum
707 3205 771 3261 octo
785 3200 847 3260 haee
861 3201 950 3260 millia
966 3207 996 3260 et
1010 3202 1067 3261 duo
1082 3201 1180 3275 millia,
1205 3219 1269 3276 quae
1283 3202 1313 3260 in

147 3307 268 3364 comitiis
284 3306 460 3380 augustanis
476 3312 505 3366 et
519 3307 591 3367 alias
604 3308 635 3364 in
650 3308 705 3365 heo
724 3323 756 3364 re
770 3308 930 3380 insumpta,
951 3321 1005 3364 nea
1020 3321 1078 3364 non
1093 3321 1157 3378 quae
1172 3311 1314 3377 praeterea

147 3409 232 3483 hujus
247 3411 433 3471 corradendae
449 3411 577 3487 pecuniae
593 3398 687 3484 gratia
703 3426 828 3483 expensa
843 3415 919 3481 sunt,
935 3411 965 3470 in
979 3395 1178 3480 helluationes‚
1194 3423 1313 3467 veneres

147 3521 199 3574 aut
212 3515 305 3575 aleam
320 3517 515 3591 insumpsisse,
529 3515 577 3573 hie
591 3515 735 3573 ascribere
749 3513 864 3587 placuit,
880 3511 958 3585 quod
967 3513 1059 3586 prima
1074 3507 1191 3585 summa,
1207 3511 1314 3571 scilicet

148 3625 272 3692 quatuor
299 3621 388 3679 millia
414 3619 602 3691 florenorum,
632 3617 741 3689 majore
771 3632 806 3674 ex
827 3621 908 3688 parte
929 3632 965 3674 ex
990 3616 1061 3676 ‘dote
1085 3619 1186 3677 uxoria
1213 3615 1312 3692 inerit,

147 3725 290 3798 posterior
311 3726 425 3784 nonnisi
446 3723 611 3798 quindecies
630 3726 744 3780 eentum
763 3737 798 3780 111
820 3719 942 3780 subditis
961 3721 1046 3796 hujus
1067 3723 1193 3796 regionis
1209 3724 1314 3784 contri·

147 3829 217 3889 buta
236 3831 306 3902 sint,
329 3829 442 3903 reliqua
462 3831 553 3887 omnis
574 3831 672 3886 mutuo
694 3831 723 3885 et
741 3841 805 3884 oum
819 3826 983 3887 reddituum
1002 3843 1128 3887 meorum
1144 3811 1314 3902 oppignora-

148 3936 227 3994 tione
242 3939 390 3994 contracta
404 3938 458 4008 est,
474 3948 637 4007 quanquam
652 3948 691 3991 ees
707 3931 832 3991 alienum
845 3932 932 4007 longe
952 3949 1055 3993 census
1074 3939 1188 3994 nostros
1203 3947 1313 3990 annuos

148 4043 274 4113 superet.
297 4038 453 4112 Exemplar
463 4043 558 4096 autem
568 4036 739 4111 litterarum,
755 4041 909 4111 utvooant,
926 4039 1131 4112 quitantiarum
1146 4035 1184 4094 ad
1197 4035 1314 4094 archiva

147 4148 264 4204 senatus
280 4141 466 4202 Corbaaensis
480 4143 583 4217 reponi
594 4143 737 4215 jussimus.
772 4142 873 4201 Testes
888 4147 984 4201 autem
998 4141 1083 4213 hujus
1096 4138 1246 4212 tragoediee
1261 4139 1312 4198 ha-

147 4246 247 4306 bemus
263 4246 347 4306 deum
361 4262 460 4307 verum
474 4251 505 4305 et
519 4248 622 4322 virum,
639 4249 689 4321 qui
703 4263 756 4306 nee
770 4246 844 4307 lallit
858 4245 981 4306 neoialli
989 4247 1094 4319 potest,
1112 4244 1312 4304 conscientiam

147 4351 245 4409 laetam
259 4355 289 4409 et
303 4349 423 4410 eandem
437 4349 591 4410 multorum
605 4353 717 4425 piorum
731 4352 858 4412 virorum
871 4349 926 4409 hoo
940 4349 1100 4409 miserrimo
1114 4365 1176 4408 aevo
1192 4365 1313 4408 eommu-

149 4471 215 4514 nem
228 4452 381 4517 fortunam.
405 4452 553 4528 Signatum
568 4455 709 4519 Waldeolr
723 4455 771 4518 die
783 4455 859 4517 luna
874 4459 941 4530 post
954 4453 1087 4516 Matthaei
1101 4453 1233 4529 apostoli.
