2940 4900
633 303 694 368 141

71 498 124 542 non
139 482 382 544 detrectaremus.
406 482 489 543 Dixit
503 499 625 558 quoque,
642 484 715 542 sicut
729 489 759 544 et
772 485 844 544 alios
858 482 963 559 docuit,
979 483 1054 544 hanc
1068 484 1245 556 ohmitatem,

72 605 124 661 qua
138 588 221 648 Deus
236 605 292 648 nos
310 589 411 663 diligat
425 591 455 648 iu
470 589 590 674 dilecto,
612 593 641 647 et
660 605 719 661 qua
734 585 864 648 Christum
880 605 931 648 nos
947 588 1046 648 ddexit
1065 606 1099 650 ιι
1121 607 1187 650 suos
1202 591 1245 648 in-

72 693 158 751 vicem
173 709 206 752 se
223 693 350 767 diligere
363 695 496 767 iusserit,
513 710 575 754 esse
589 699 649 755 tam
664 695 837 769 immensam,
860 697 920 752 tam
934 693 1106 754 ineffabilem
1120 710 1154 752 ac
1169 694 1247 752 nulla

72 813 124 855 non
138 798 229 856 animi
245 798 441 859 admiratione
456 799 586 873 dignam,
608 803 641 857 ut
655 815 673 857 ι
687 799 766 858 nulla
780 803 914 859 creatura
930 798 1011 858 effari
1025 806 1132 874 posset.
1172 800 1246 858 Esse

72 904 160 960 tamen
175 901 305 975 aliqua'
295 921 327 964 m
340 905 396 962 hac
410 904 563 978 charitato,
595 919 659 977 qua
679 909 824 977 utcunque
832 921 858 1002 p
872 905 955 966 uobis
970 904 1162 965 circumscribi
1176 920 1244 979 pos·

72 1004 131 1078 siut,
157 1007 326 1079 eujusmodi
348 1012 459 1081 essent,
481 1024 545 1082 quae
560 1010 700 1083 superius
697 1009 785 1068 diota
800 1016 875 1069 sunt.
912 1011 953 1068 Et
967 1017 1033 1085 post
1047 1011 1137 1070 multa
1152 1009 1246 1068 Deum

73 1108 237 1170 ardentibus
252 1114 333 1174 votis
349 1129 433 1174 orare
444 1115 539 1187 jussit,
556 1129 612 1186 quo
628 1112 709 1172 nobis
728 1114 803 1173 banc
824 1115 1005 1175 ddectionern
1020 1115 1155 1190 consequi
1171 1116 1222 1174 et
1214 1131 1246 1172 m

73 1227 103 1270 ea
117 1229 294 1286 permanere
309 1218 464 1292 contingat.
493 1217 577 1291 Quod
591 1217 673 1279 nobis
688 1218 775 1278 donet
789 1217 879 1278 dulcis
893 1221 988 1279 Jesus.
1012 1221 1112 1280 Amen.

154 1317 181 1376 A
203 1322 347 1398 concione
368 1324 498 1384 Eubulus
519 1329 665 1397 assumpto
690 1322 779 1383 Floro
804 1325 935 1384 comitem
957 1324 1139 1384 Wilhelmum
1164 1324 1245 1396 adiit,

74 1435 131 1480 oum
154 1439 213 1495 quo
237 1430 270 1484 et
292 1427 469 1500 jentaculum
490 1445 547 1487 uua
567 1444 630 1486 cum
650 1427 755 1487 Ottone
776 1435 806 1487 et
819 1429 944 1488 Ernesto
967 1428 1003 1488 dc
1025 1429 1198 1500 Schomberg
1218 1432 1247 1486 et

74 1525 132 1583 aliis
146 1535 307 1604 sumptum.
330 1531 442 1592 Deinde
457 1532 567 1592 comids
582 1531 728 1592 Wilhelmi
743 1533 892 1593 consilium
907 1534 936 1591 in
952 1533 1068 1607 negotio
1083 1537 1182 1592 nostro
1197 1549 1247 1606 pe·

73 1629 177 1706 timus,
202 1635 270 1710 qni,
289 1640 322 1694 ut
336 1638 427 1696 virum
447 1636 618 1712 prudentem
639 1641 669 1694 ιι
691 1637 813 1711 probum
833 1637 928 1712 dccet,
955 1655 990 1697 er
1010 1637 1105 1696 animo
1129 1637 1202 1697 dixit
1215 1636 1247 1696 id

76 1735 146 1806 quod
160 1753 207 1798 res
224 1746 302 1800 erat.
340 1741 440 1800 Visum
461 1745 559 1802 ιιιιιι
583 1746 627 1800 ιιι
648 1739 703 1814 illi,
728 1759 786 1801 non
800 1741 1011 1802 incommodare
1025 1759 1122 1818 posse,
1146 1746 1179 1800 ut
1193 1758 1246 1801 nos

76 1855 169 1902 rursus
183 1843 389 1906 Atrebatonsis
405 1845 569 1920 conspectui
584 1845 790 1906 exhiberemus.
823 1847 898 1906 Dum
913 1852 1009 1908 autem
1023 1847 1053 1906 in
1068 1847 1147 1906 curia
1161 1847 1246 1904 Atre·

76 1944 196 2007 ιιιιιιιιι
215 1967 284 2010 cum
306 1952 393 2012 Floro
413 1951 616 2026 colloquimur,
641 1951 746 2024 praesul
764 1957 955 2027 properanter
976 1951 1014 2012 ad
1036 1951 1246 2012 Grandevelam

18 2063 19 2070 ¹
78 2055 181 2121 patrem
195 2056 314 2116 transit.
354 2056 503 2117 Subsecuti
524 2058 612 2132 igitur
633 2073 698 2116 eum
719 2072 810 2130 usquo
825 2057 864 2118 ad
882 2059 988 2117 atrium
1003 2061 1071 2116 ante
1086 2055 1245 2117 cubiculum

79 2157 170 2232 patris,
187 2159 240 2220 ubi
254 2161 502 2236 praestolabamur.
526 2161 630 2222 Edocti
645 2166 741 2221 eutem
756 2179 774 2220 a
789 2177 872 2222 servo
888 2162 1039 2236 praesulem
1053 2163 1084 2221 in
1099 2164 1180 2222 ouria
1194 2177 1247 2222 sua

79 2260 206 2324 inhortis
221 2283 405 2342 pransurum,
422 2266 528 2339 abitum
545 2267 608 2340 ejus
623 2271 815 2341 expectantes,
833 2269 882 2340 qui
897 2282 960 2325 cum
974 2266 1105 2341 prodiret
1118 2264 1196 2325 lorus
1212 2281 1246 2323 ac

79 2370 151 2428 reeta
165 2387 210 2430 me
225 2375 351 2446 peteret,
368 2372 482 2432 dicens:
498 2370 630 2444 Domine,
647 2372 716 2444 quid
730 2370 825 2444 petis?
838 2372 975 2446 respondi
990 2372 1018 2433 d.
1034 2390 1061 2430 v.
1078 2369 1160 2430 facile
1176 2369 1246 2428 divi·

81 2486 154 2548 nere,
178 2477 252 2549 quid
267 2478 364 2550 velim,
390 2481 498 2550 potest,
520 2492 584 2534 cum
608 2478 699 2536 omnis
717 2491 782 2534 mea
806 2493 872 2551 spes
892 2477 986 2536 adhuc
1006 2475 1042 2535 de
1064 2476 1159 2550 pratia
1174 2474 1202 2533 d.
1217 2490 1244 2534 v.

81 2578 205 2647 pendeat.
248 2581 294 2640 Ad
308 2581 370 2640 haec
384 2581 443 2640 ille:
467 2579 615 2654 Proiecto,
640 2581 679 2638 mi
694 2579 807 2639 domine
830 2595 938 2656 comes,
960 2596 1014 2656 ego
1035 2581 1106 2646 nihil
1126 2579 1246 2639 ulterius

83 2695 190 2751 l0⁸sum
204 2685 312 2748 facere.
351 2686 425 2769 llam
440 2688 530 2747 multo
545 2687 644 2747 labore
660 2702 694 2744 eo
710 2702 770 2744 rem
785 2683 916 2759 perduxi,
933 2689 965 2744 ut
979 2685 1016 2744 de
1031 2683 1246 2758 quatuordecim

81 2784 187 2848 milibus
201 2791 241 2852 ad
262 2797 326 2851 octo
341 2792 430 2851 millia
445 2791 613 2852 descensum
628 2792 674 2849 sit.
713 2791 752 2848 Et
766 2789 874 2850 habeas
889 2792 957 2849 nrihi
972 2788 1075 2863 fidem,
1092 2795 1150 2849 non
1165 2805 1244 2848 meu·

83 2889 142 2967 tior,
158 2911 210 2968 ego
227 2913 247 2955 a
261 2898 363 2970 tejam
377 2900 494 2971 meatus
510 2896 602 2955 altera
616 2896 678 2954 vice
693 2895 896 2969 imperatorem
911 2895 979 2970 adii,
1002 2900 1131 2967 conatus,
1148 2894 1173 2952 si
1188 2909 1246 2968 qua

85 3007 190 3063 possem
204 3002 333 3060 animum
348 3017 407 3060 suae
422 3001 579 3074 ιιιιιιιιιιι
595 3017 664 3075 erga
679 3007 708 3060 ιι
724 3001 859 3061 emollire.
884 3003 990 3060 Verum
1005 3001 1162 3075 imperator
1176 2998 1246 3058 mihi

85 3103 158 3168 quasi
172 3105 319 3166 subiratus
333 3104 496 3179 respondit:
521 3105 603 3180 Quid,
626 3122 693 3164 num
709 3107 778 3166 satis
793 3107 951 3166 clementiae
966 3124 1012 3166 nne
1027 3106 1068 3166 illi
1084 3105 1245 3166 exhibuisse

85 3205 178 3272 prate
208 3210 366 3282 quodcum
388 3210 602 3285 quatuordecim
624 3211 713 3270 millia
728 3189 870 3285 exegerim
887 3212 924 3271 ad
939 3218 1004 3272 octo
1020 3212 1109 3272 millia
1123 3209 1245 3270 floreno·

86 3320 141 3365 rum
154 3314 249 3389 redigi
263 3331 363 3388 passus
379 3313 461 3374 sum?
485 3315 579 3375 Dicito
595 3315 646 3388 illi,
667 3333 712 3374 me
728 3317 813 3376 semel
829 3333 874 3376 une
893 3318 986 3389 ipsum
999 3318 1151 3376 resolvisse
1167 3315 1243 3390 (ues-
1294 3329 1300 3342 ·

87 3411 124 3468 tio
142 3419 216 3478 enim
238 3437 295 3493 quo
317 3422 503 3494 grammatico
524 3425 670 3494 repertum
693 3420 741 3494 sit,
771 3421 915 3480 resolvere
940 3422 970 3477 in
993 3421 1059 3478 aula
1079 3431 1245 3476 casareana

87 3525 208 3593 usurpari
230 3542 284 3600 pro
301 3542 350 3599 eo,
375 3525 453 3598 quod
467 3525 543 3586 docti
557 3525 666 3597 mount,
689 3523 744 3581 hoc
758 3539 867 3582 mecum
884 3523 1012 3596 decrevi,
1033 3523 1079 3581 vel
1094 3522 1134 3580 sic
1149 3522 1245 3580 animo

85 3623 165 3684 ibini
177 3635 244 3703 ιιι,
260 3634 293 3687 ιι
307 3645 396 3690 ιοιοι
411 3629 539 3689 homines
555 3629 683 3688 ιιοιιιιιι
698 3642 791 3686 sermo
806 3624 957 3702 sequitur),
980 3643 1014 3686 ac
1029 3627 1068 3686 sic
1083 3625 1246 3686 conclusum

88 3737 163 3792 lenes
176 3749 222 3792 me
237 3749 309 3792 esse.
349 3733 380 3792 Si
395 3733 472 3793 volet
491 3734 616 3794 oblatam
631 3735 753 3807 matiam
775 3738 941 3809 acceptare,
968 3733 1041 3794 bene
1057 3740 1113 3810 est,
1138 3736 1244 3808 sinon,

90 3827 172 3911 dum,
188 3853 273 3912 quam
287 3838 330 3896 illi
345 3838 468 3913 proponi
483 3835 555 3912 feci,
579 3838 653 3898 uam
668 3843 806 3914 acceptet.
845 3839 907 3898 Nec
928 3842 1003 3902 enim
1018 3848 1125 3915 praeter
1137 3840 1186 3914 jus
1201 3855 1246 3898 me

89 3936 228 4013 qucquam
242 3942 273 4002 in
288 3959 353 4002 enm
368 3943 549 4002 decreturum
569 3949 649 4002 certo
664 3950 860 4017 comperturos
874 3951 927 4005 est.
968 3946 1038 4006 Cum
1053 3953 1149 4006 autem
1163 3943 1244 4003 Wol-

90 4039 164 4102 udus
178 4048 283 4106 iterum
297 4051 385 4121 atque
399 4049 503 4106 iterum
518 4047 596 4120 apud
610 4049 764 4122 presulem
778 4051 909 4124 instaret,
926 4069 982 4126 quo
996 4051 1041 4110 vel
1051 4050 1144 4110 adhuc
1159 4045 1246 4105 semel

89 4147 234 4211 lenonum
248 4149 342 4211 facem
358 4151 535 4226 dignaretur,
551 4152 576 4210 ιι
591 4167 648 4224 que
663 4151 739 4225 apud
753 4169 907 4214 ιιιιιιιιιι
921 4155 1100 4227 maiestatem
1115 4149 1246 4211 obtinere
1342 4171 1343 4184 ι

90 4259 181 4329 iisset,
197 4273 336 4315 summum
350 4254 518 4330 praedictam
533 4257 622 4314 minui
623 4257 810 4330 ,responditz
836 4257 931 4332 Certe,
952 4258 1075 4330 dominc,
1092 4254 1163 4314 nihil
1178 4271 1244 4327 p1·-o

90 4344 165 4433 teies,
179 4359 231 4419 sed
245 4361 335 4433 magis
349 4360 476 4422 ιιιιιιιιι
492 4375 646 4421 maneam
661 4364 850 4436 ιιιιιιιιιιιι,
871 4369 900 4422 ιι
915 4365 967 4422 ιι
959 4379 1052 4437 speum
1066 4341 1151 4436 longe
1166 4364 1245 4446 post-
