2940 4900
708 335 750 399 95

136 513 290 574 adducens
306 515 428 575 Paulum
449 515 652 588 corripientem
669 514 846 591 Comnthios,
876 517 953 589 quod
975 533 1005 577 se
1025 520 1097 577 alius
1119 515 1214 593 Pauli,
1244 521 1316 579 alius

138 616 258 693 Gephae,
282 620 355 678 alius
376 619 519 694 Apollinis
540 619 671 692 discipuli
690 620 883 694 gloriarentur
903 638 976 682 esse.
1008 623 1070 682 Nec
1088 623 1202 682 interim
1224 625 1315 699 negli-

137 741 212 798 gens
227 726 356 798 papistas
371 728 399 783 ιι
414 725 567 784 monachos
584 724 689 784 diversi
705 725 812 786 ordinis
829 732 858 786 et
872 728 987 802 similes,
1013 730 1062 801 qui
1085 745 1141 788 non
1157 731 1187 786 in
1203 728 1315 790 cbristo

137 828 193 886 sed
209 828 262 887 sub
277 831 336 887 suis
351 832 481 903 patronis
503 836 576 889 sunt.
615 831 688 890 Item
706 838 808 892 taxans
829 849 864 891 ex
884 834 1000 906 nostris,
1025 835 1074 906 qui
1095 833 1183 893 verbo
1204 839 1315 894 tantum

138 938 170 992 ct
193 939 327 994 oretenus
350 933 505 995 Christiani
528 941 602 994 sunt.
641 935 702 996 Nec
721 936 796 996 enim
820 934 950 997 sufficere
971 938 1025 1012 ait,
1050 940 1115 998 vitis
1136 953 1250 998 succum
1271 947 1314 999 at·

137 1040 273 1113 traxisse,
298 1039 349 1098 sed
363 1043 498 1114 oportere
514 1046 547 1100 ut
561 1056 632 1100 uvas
647 1045 677 1099 ιι
691 1040 789 1101 botros
811 1039 945 1102 ieramus.
978 1042 1034 1118 Sed
1054 1043 1130 1104 dices
1149 1043 1237 1104 forte:
1261 1045 1314 1117 Qui

137 1145 215 1203 scire
234 1161 361 1219 possum,
387 1145 503 1218 qnando
526 1147 556 1204 in
578 1144 692 1205 Christo
712 1144 862 1206 maneam?
899 1146 1071 1222 Respondit:
1095 1147 1164 1206 Oum
1186 1151 1313 1224 spiritns,

138 1251 190 1322 qui
204 1250 288 1308 estin
300 1249 424 1323 homine,
437 1250 596 1324 sciat,quid
610 1252 648 1309 sit
660 1251 690 1309 in
703 1249 827 1324 homine,
835 1251 919 1312 facile
931 1254 1089 1327 resciretis
1100 1271 1166 1311 num
1180 1270 1215 1313 ex
1228 1255 1314 1314 corde

135 1353 214 1412 bene
228 1370 297 1427 erga
312 1353 456 1413 Christum
471 1353 589 1414 allectus
605 1355 652 1428 sis,
677 1372 715 1414 an
730 1371 820 1415 secus.
853 1355 926 1428 Quia
942 1363 1038 1416 autem
1057 1357 1166 1431 palmes
1186 1371 1244 1416 non
1258 1356 1315 1415 lert

134 1455 263 1516 ductum
284 1464 366 1518 eruc
387 1459 489 1532 vitem,
520 1457 691 1519 manendum
712 1460 765 1519 tibi
787 1462 817 1519 in
843 1458 957 1520 Obristo
980 1468 1024 1521 est
1046 1466 1075 1521 ιι
1097 1461 1144 1520 hic
1167 1462 1314 1535 rogandus

134 1569 198 1637 est,
222 1569 253 1622 ut
271 1565 354 1637 iuxta
375 1566 593 1638 promissionem
615 1580 696 1623 suam
719 1567 749 1622 in
771 1567 800 1624 te
822 1571 944 1624 maneat.
984 1565 1023 1624 Et
1043 1573 1185 1639 praeterea
1209 1566 1314 1626 mulus

132 1669 280 1729 salutares
298 1685 461 1742 paraeneses
484 1687 519 1729 er
539 1671 592 1729 hoc
612 1674 692 1729 textu
713 1669 740 1730 d.
762 1669 910 1730 Musonius
930 1669 1075 1745 produxit.
1107 1672 1164 1731 Det
1183 1669 1313 1730 Christus

133 1775 284 1849 domnus,
308 1780 340 1833 nt
359 1777 389 1834 in
407 1791 441 1835 eo
462 1789 687 1852 permaneamus,
713 1783 742 1834 ιι
760 1777 822 1850 ipse
840 1777 871 1835 in
891 1775 974 1836 nobis
995 1793 1110 1836 manere
1130 1777 1209 1852 velit,
1230 1778 1313 1849 juxta

131 1880 295 1954 ipsiusmet,
320 1881 369 1952 qui
384 1880 447 1954 ipsa
462 1887 507 1940 cst
527 1883 641 1954 veritas,
664 1883 891 1956 promissionem.
924 1881 958 1941 In
980 1882 1222 1942 obsecrationibus
1237 1884 1313 1942 inter

130 1991 242 2044 caetera
264 2001 348 2045 orare
367 2001 420 2058 pro
442 1987 628 2061 imperatore,
653 2001 733 2060 rege,
763 1985 932 2070 electoribus
955 1991 985 2046 et
1006 1989 1136 2048 omnibus
1159 1989 1311 2060 magistra·
1380 2067 1383 2073 Ι

130 2091 230 2180 tibus,
253 2095 285 2149 nt
307 2091 377 2150 deus
398 2090 512 2150 illorum
535 2094 645 2151 ammos
664 2091 804 2152 instillare
827 2090 996 2166 dignaretur
1018 2105 1175 2165 agnoscere
1196 2091 1254 2165 qua
1275 2093 1312 2149 sit

133 2193 301 2255 differentia
314 2198 391 2256 inter
404 2196 603 2269 magistratum
618 2197 755 2257 turcicum
772 2201 800 2255 et
815 2194 1015 2269 christianum,
1036 2197 1130 2268 jussit.

227 2300 336 2362 Eadem
357 2302 472 2375 quidam
492 2306 570 2360 certe
591 2299 753 2362 affirmabat
773 2303 849 2360 intra
870 2300 941 2360 duos
964 2315 1075 2359 menses
1094 2303 1208 2362 comitia
1228 2303 1309 2362 abso·

135 2405 201 2465 luta
216 2403 286 2466 iore.
318 2405 376 2466 Sed
393 2423 483 2466 vanus
499 2407 544 2466 hic
558 2407 652 2486 extitit
667 2423 767 2481 augur.

228 2511 383 2586 Postquam
400 2511 598 2572 atrebatensis
618 2527 635 2569 a
655 2513 778 2586 septima
797 2512 835 2571 ad
855 2518 983 2571 oderam
1005 2509 1122 2570 anobis
1145 2514 1310 2584 expectatus

134 2622 221 2690 esset,
245 2617 360 2677 tandem
376 2618 430 2677 hoc
447 2617 525 2678 dedit
544 2597 683 2690 responsi,
708 2631 739 2674 se
760 2615 886 2676 nondum
905 2617 995 2675 nostri
1015 2616 1143 2690 potuisse
1163 2613 1238 2689 apud
1258 2616 1309 2673 im·

132 2728 302 2798 peratorem
324 2724 495 2782 mentionem
517 2720 621 2781 dcere.
661 2721 790 2795 Rogatus
813 2725 846 2778 ut
868 2721 915 2780 vel
936 2718 1031 2778 adbuc
1053 2717 1173 2792 laceret,
1197 2718 1309 2796 faciam,

133 2829 194 2901 ait,
218 2826 271 2886 sed
292 2821 406 2902 oportet
429 2843 478 2887 ros
502 2830 653 2902 expectare
676 2831 787 2900 tempus
810 2825 846 2885 ad
869 2823 899 2884 id
922 2824 1106 2885 commodum.
1150 2824 1311 2891 Aderatet

133 2931 302 2992 Malvenda.

226 3035 357 3096 Marcbio
378 3038 485 3098 elector
509 3037 788 3112 brandenburgensis
811 3041 840 3096 ιι
863 3051 934 3096 uxor
955 3037 1030 3112 ejus,
1060 3051 1154 3095 comes
1182 3037 1309 3096 ioannes

134 3157 153 3200 a
170 3141 313 3202 Waldeclr
328 3147 357 3201 ct
366 3143 583 3216 Schombergius
599 3143 826 3216 protospatarius
843 3140 965 3202 (lesaris
980 3141 1059 3217 apud
1072 3142 1216 3200 dominam
1231 3141 1309 3215 prin·

134 3249 229 3322 cipem
250 3247 362 3308 Hassire
385 3249 481 3321 pransi
502 3252 576 3306 sunt.
609 3246 634 3303 Α
654 3246 776 3321 prandio
796 3248 903 3308 elector
923 3263 1041 3307 uxorem
1063 3263 1142 3305 suam
1165 3253 1195 3305 et
1213 3245 1307 3306 landt-

133 3353 264 3426 gravium
290 3355 318 3411 in
346 3353 444 3412 hortos
467 3353 603 3411 Herbroti
628 3357 777 3411 vernetum
801 3354 896 3426 duxit,
926 3353 975 3412 ubi
998 3352 1141 3411 dominam
1163 3349 1308 3425 landtgra-

134 3459 211 3516 viam
226 3461 256 3516 et
270 3458 324 3531 ipsi
339 3457 456 3518 allocuti
472 3473 581 3531 sumus,
606 3473 668 3516 eam
683 3456 722 3518 ad
735 3457 891 3532 hospitium
913 3457 1058 3517 ducentes.

226 3563 322 3623 Allata
343 3569 386 3622 est
402 3561 488 3637 lama,
511 3563 541 3621 in
555 3562 778 3622 Noviomarcbia
796 3562 867 3622 urbe
886 3561 1012 3620 Palatini
1031 3558 1163 3616 electoris
1182 3556 1309 3616 interdiu

134 3669 214 3729 claro
231 3669 292 3742 jam
312 3668 372 3727 sole
392 3669 528 3742 templum
546 3666 655 3727 lacibus
676 3665 842 3726 ardentibus
863 3665 989 3738 undique
1010 3663 1193 3737 completum,
1217 3663 1258 3722 ita
1277 3667 1309 3722 ut

134 3775 298 3834 hominibus
318 3775 348 3832 in
368 3771 431 3832 loro
451 3773 698 3834 deambulantibus
714 3773 844 3845 proximo
864 3772 955 3831 visum
970 3771 1007 3830 sit
1027 3771 1105 3830 intus
1120 3767 1307 3844 conflagrare,

135 3886 165 3939 et
186 3883 283 3939 nescio
303 3882 351 3954 qui
371 3880 509 3939 tumultus
528 3881 605 3939 intra
624 3879 761 3954 templum
782 3877 872 3937 auditi
890 3880 956 3936 sint.
996 3875 1085 3935 Omen
1106 3875 1185 3936 haud
1207 3873 1306 3946 dubie,

134 3983 206 4058 quid
224 3990 319 4045 antem
339 3987 503 4061 portendat,
528 3988 607 4047 novit
622 3985 760 4056 dominus,
785 3985 834 4057 qui
848 3983 991 4057 propitius
1010 3987 1112 4041 cuncta
1131 3981 1206 4039 mala
1225 3994 1306 4038 aver-

134 4095 189 4148 tat.
219 4091 325 4151 Balatu
340 4091 460 4152 Adriani
475 4109 493 4150 a
509 4092 630 4151 Zertzen
645 4095 675 4149 et
688 4087 896 4148 Eichstatensis
911 4088 1047 4161 episcopi.

225 4195 355 4255 Marchio
379 4197 486 4256 elector
511 4194 787 4267 brandenburgensis
807 4195 884 4268 apud
905 4209 1057 4254 caesaream
1078 4192 1256 4263 mnjmtatem
1277 4205 1309 4248 ss

135 4313 192 4373 pro
206 4299 398 4362 Waldecianis
414 4301 561 4383 coinitibus
576 4303 797 4360 intercessurum
811 4300 954 4374 pollicitus
970 4302 1021 4356 est.

226 4405 370 4468 Adrianus
391 4407 544 4472 aZertzen
565 4421 629 4464 cum
649 4403 819 4465 Coloniense
833 4402 939 4462 Eubuli
961 4415 1030 4474 ergo
1050 4399 1143 4470 egisse
1163 4399 1306 4472 gloriaba-
