2940 4900
641 329 704 394 113

87 509 153 568 male
168 509 314 571 ordinarit
328 526 467 584 unquam,
493 515 523 569 et
538 515 581 568 cst
595 513 780 584 magistratus
803 527 885 584 aeque
905 512 1047 574 ordinatio
1062 515 1126 591 Dei,
1151 532 1185 574 ac
1200 522 1258 576 sta·

87 621 126 674 tus
140 617 314 674 matrimonii
330 621 386 674 eto.
424 615 538 674 Deinde
553 613 677 674 officium
691 616 760 674 boni
775 622 805 676 et
819 615 895 690 frugi
916 619 985 676 civis
1005 620 1098 679 obiter
1119 622 1257 696 depinxit,

86 721 198 779 innuens
214 736 301 803 quam
317 723 343 781 is
359 720 464 802 nihile
484 723 628 796 potestate
649 721 703 798 siti
724 723 824 780 timere
846 723 950 783 debeat
972 729 1025 784 etc.
1056 726 1106 784 Ait
1117 732 1216 792 ¹autern
1230 727 1257 785 d.

86 824 197 884 Paulum
219 803 266 884 lrio
291 827 353 886 duo
376 842 499 900 ponere,
529 826 636 884 scilicet
657 827 856 899 magistratum
883 828 986 888 allec
1011 829 1174 890 ordinatum
1196 849 1259 890 csse

86 931 235 990 ministrum
248 931 318 1006 Dei,
344 933 427 1012 honis
442 933 473 989 in
487 931 601 1004 bonurn,
624 932 706 991 malis
727 935 757 990 in
773 933 883 991 malum
903 926 989 1008 atquc
1004 940 1154 996 terrorem.
1185 937 1259 995 Esse

86 1035 165 1107 igitur
185 1037 392 1110 magistratum
414 1018 606 1111 protectorem
629 1041 658 1095 et
679 1036 820 1111 refugium
842 1039 996 1115 bonorum,
1026 1043 1168 1100 malorum
1189 1058 1258 1101 vero

86 1137 287 1200 destructorem
319 1147 351 1214 et
373 1142 554 1215 depulsorem
584 1142 710 1200 malitiae.
750 1141 953 1215 Magistratum
978 1163 1092 1219 quoqne
1116 1149 1191 1206 serio
1215 1149 1259 1206 sui

86 1245 202 1304 muneris
223 1248 371 1306 rationem
393 1247 501 1306 habere
523 1247 641 1319 monuit,
665 1252 766 1320 utpote
788 1264 858 1320 quos
874 1248 953 1308 Deus
975 1250 1063 1310 divini
1078 1253 1121 1310 sni
1137 1253 1259 1310 nominis

87 1349 230 1424 participes
254 1349 374 1425 iecerit,
407 1356 436 1410 et
459 1367 530 1425 quos
553 1350 591 1410 d.'
605 1350 713 1409 Paulus
735 1350 782 1410 hic
805 1351 1013 1412 ordinationem
1037 1355 1092 1414 Dei
1118 1362 1147 1415 et
1168 1358 1259 1430 ipsius

87 1454 222 1515 ministros
244 1457 390 1531 appellet,
403 1461 444 1524 =et
467 1471 523 1528 quo
545 1457 618 1514 scire
641 1456 765 1530 possint,
791 1473 921 1529 quanam
944 1461 989 1518 sui
1011 1458 1096 1519 officii
1119 1463 1185 1534 sint,
1210 1479 1258 1520 eos

87 1557 113 1616 id
127 1558 155 1634 (l.
171 1559 215 1636 ut)
231 1561 430 1635 addiscerent,
455 1560 492 1620 ad
507 1561 651 1620 Psalmum
668 1562 709 1620 82
726 1561 846 1620 remisit,
879 1561 989 1636 (Habet
1003 1571 1099 1623 autem
1114 1565 1160 1623 hic
1174 1564 1256 1625 Psal-

87 1677 142 1721 mus
161 1666 382 1740 inscriptionem
397 1658 469 1728 ‘oda
489 1666 591 1740 Asaph
614 1671 643 1724 et
664 1680 763 1724 versus
786 1664 874 1742 octo.)
912 1653 1007 1740 Quare
1030 1685 1087 1756 non
1110 1672 1206 1745 pigeat
1229 1675 1258 1729 te

87 1768 169 1838 ipsum
189 1771 300 1846 legere.
344 1757 417 1832 Item
431 1773 526 1845 'jussit
548 1771 836 1845 inspicere-primum
859 1773 954 1831 Esaiae
978 1780 1065 1848 caput
1092 1781 1121 1833 et
1146 1775 1259 1834 Moisen

88 1870 219 1934 dicentem
239 1877 340 1936 «Just
355 1879 432 1951 quod
444 1875 553 1950 iustum
572 1881 616 1936 est
627 1876 785 1950 judicate«
806 1875 817 1912 ¹
846 1879 919 1937 Item
941 1878 1018 1952 quod
1042 1877 1206 1940 defensores
1229 1887 1258 1940 et

87 1988 312 2054 propugnatores
327 1999 403 2042 verce
419 1983 566 2056 religionis
581 1997 615 2040 ac
629 1967 709 2040 verbi
724 1981 780 2040 Dei
799 1983 992 2042 ministrorum
1013 1989 1042 2042 et
1057 1985 1086 2043 in
1101 1987 1190 2044 verbo
1206 1985 1257 2045 do-

89 2081 151 2140 mini
164 2088 331 2166 praescripti
347 2087 438 2147 divini
453 2088 545 2146 eunus
561 2086 694 2146 custodes
709 2087 775 2145 sint.
805 2087 846 2146 Et
864 2105 880 2145 e
896 2094 997 2148 contra
1018 2105 1125 2165 eorum,
1141 2091 1171 2149 in
1186 2108 1258 2164 quos

91 2185 206 2256 gladium
221 2208 308 2250 suurn
324 2193 427 2266 stringi
442 2191 554 2266 debeat,
577 2192 738 2265 catalogum
760 2208 795 2250 ex
810 2191 901 2251 Paulo
923 2193 960 2252 ad
981 2193 1109 2254 Corinth.
1131 2195 1258 2270 adduxit,
1293 2185 1300 2198 ’

91 2291 212 2353 nimirum
227 2297 259 2356 in
274 2296 432 2370 adulteros
456 2299 487 2354 in
502 2293 654 2369 veneficos,
678 2296 826 2370 idolatras,
842 2297 1025 2373 adulatores,
1047 2301 1181 2372 cynaedos
1204 2307 1258 2360 etc.

91 2390 130 2452 lle
149 2371 239 2459 abusu
260 2419 376 2478 quoque
397 2401 485 2475 gladii
504 2385 650 2460 disseruit.
681 2402 851 2476 Exemplum
873 2402 968 2477 Pilati,
993 2405 1042 2476 qui
1063 2405 1153 2462 sciens
1175 2405 1257 2463 Chri·

92 2502 157 2558 stum
177 2504 329 2567 innoxium
356 2507 516 2580 damnarit,
547 2523 611 2564 oum
632 2512 728 2566 tamen
753 2507 884 2566 Christus
909 2509 1015 2567 nullius
1041 2509 1166 2567 criminis
1191 2527 1258 2568 reus

92 2605 136 2665 ulli
155 2613 409 2686 unquammalum
431 2613 574 2688 intulerit,
599 2613 651 2672 sed
670 2614 789 2686 insuper
810 2613 941 2674 omnibus
961 2612 1144 2688 benefecerit,
1168 2615 1258 2673 addu-

93 2725 160 2794 tons,
182 2734 276 2792 aquo
291 2733 343 2778 sno
358 2719 548 2792 antesignano
569 2735 627 2777 non
647 2719 767 2778 multum
789 2718 893 2791 absint,
918 2719 967 2790 qni
985 2719 1258 2792 hisce'temporibus

94 2815 217 2882 innocuos
231 2825 451 2884 concionatores
472 2827 501 2882 et
522 2825 594 2882 alios
614 2829 715 2882 contra
735 2823 938 2882 conscientiam
958 2823 1035 2882 mille
1050 2823 1141 2882 modis
1157 2841 1257 2884 excru-

95 2919 172 2983 litut.¹
199 2929 293 2989 Jussit
313 2931 402 3004 igitur
424 2931 464 2987 ita
486 2932 573 2986 vitam
596 2945 647 2989 nos
669 2929 822 3000 instruere,
847 2943 882 2984 ne
904 2921 1088 3000 magistratus
1103 2927 1186 2988 nobis
1201 2936 1259 2990 ter·

96 3027 147 3084 rori
160 3032 205 3107 sit,
229 3042 260 3094 et
275 3036 411 3108 cogitare,
436 3033 513 3106 quod
528 3050 586 3090 non
602 3031 709 3090 frustra
724 3031 849 3104 gladium
864 3037 969 3104 portet.
1057 3103 1058 3114 χ

173 3138 199 3196 A
214 3141 360 3212 concione,
385 3138 452 3201 dum
467 3137 679 3196 obsecrationes
694 3135 759 3194 fieri
773 3135 863 3211 jubet,
887 3153 940 3210 pro
961 3142 1105 3210 potestate
1127 3142 1258 3200 ecclesia-

98 3234 166 3312 tica,
188 3244 321 3304 nimirum
337 3261 390 3318 pro
407 3233 653 3316 dispensatoribus
668 3243 748 3300 verbi
764 3242 862 3318 divini,
879 3248 969 3316 orate,
985 3245 1087 3327 inquit,
1104 3246 1257 3318 dominum,

98 3344 125 3396 lt
142 3351 287 3418 operarios
308 3351 338 3408 in
358 3338 481 3406 mercem
503 3363 582 3406 suam
605 3347 748 3406 extrudat.
778 3339 865 3408 Multi
887 3351 962 3407 enim
984 3353 1059 3422 sunt,
1084 3352 1132 3422 qui
1155 3365 1259 3407 nomen

98 3450 235 3512 nuestus
250 3459 399 3529 appetunt,
424 3452 525 3526 opimis
539 3449 684 3518 beneficiis
699 3451 834 3527 gaudent,
858 3453 909 3511 sed
930 3467 996 3512 oves
1019 3452 1124 3512 Christi
1140 3469 1258 3527 pascere

25 3577 26 3622 p
100 3561 235 3633 recusant,
257 3556 385 3618 aberam
408 3555 633 3630 subterfllgiunt,
658 3558 736 3646 sicut·
754 3563 784 3616 et
805 3559 960 3629 innumeri,
974 3631 976 3638 γ
992 3558 1041 3630 qui
1063 3557 1206 3632 principes
1230 3561 1259 3616 et

25 4469 27 4516 l

25 4553 27 4608 i

101 3648 195 3718 donini
207 3665 304 3722 vocari
318 3664 456 3734 ambiunt,
480 3662 674 3736 reperiuntur,
698 3662 813 3720 omuino
829 3667 924 3720 autern
944 3659 1031 3722 officii
1051 3657 1080 3721 et
1100 3664 1258 3742 vocationis

101 3770 151 3816 tua
164 3769 302 3828 rationem
316 3769 422 3828 habere
438 3744 632 3828 contemnunt.
783 3753 792 3761 ’

177 3867 299 3932 Domine
313 3872 402 3955 Deus,
426 3874 598 3946 ansericors,
617 3873 696 3946 iuste
711 3878 741 3932 et
754 3889 865 3948 magne,
887 3876 955 3949 quia
969 3873 1047 3934 nulla
1061 3879 1189 3948 potestas
1204 3877 1256 3944 est,

102 3968 149 4029 nisi
165 3992 182 4034 a
200 3982 229 4038 te
248 3979 391 4056 ordinata,
416 3980 464 4051 qui
486 3984 515 4038 et
533 3993 579 4036 me
600 3977 828 4050 indignissimum
848 3997 961 4053 quoque
983 3982 1014 4038 in
1034 3979 1183 4038 vocatione
1204 3976 1258 4033 hac

104 4083 155 4134 esse
168 4081 291 4158 voluisti,
314 4099 434 4158 cumque
449 4083 544 4141 nullus
560 4065 685 4156 unquam
704 4082 792 4143 inerit
810 4089 870 4142 tam
889 4089 1012 4158 sanctus,
1037 4083 1137 4142 doctus
1158 4085 1209 4138 aut
1223 4095 1259 4138 ea

103 4181 240 4248 ludentia
254 4187 407 4264 praeditus,
428 4204 485 4262 quo
499 4204 602 4248 munus
617 4175 688 4247 illud
703 4195 833 4249 sanctum
853 4189 1004 4262 potestatis
1024 4203 1059 4246 ex
1078 4186 1155 4244 omni
1174 4188 1259 4259 parte

662 4320 678 4355 ὴ

148 4449 151 4456 r
167 4406 176 4450 l
196 4403 278 4457 Exod.
299 4409 339 4457 18.
359 4406 438 4456 Dent.
461 4408 501 4456 16.
542 4393 545 4408 ’

140 4496 247 4568 walueak.
333 4513 335 4515 ¹
418 4595 419 4598 Ἰ
1025 4497 1044 4551 8
