2966 4900
696 343 758 409 let

139 527 272 588 Tandem
290 532 390 586 mutuo
405 525 487 586 nobis
502 524 598 587 lanata
613 529 643 587 in
658 527 771 588 christo
786 533 937 604 precautes
953 531 1002 590 ille
1018 531 1131 592 domum
1147 551 1241 609 suam,
1258 553 1312 610 ego

141 638 238 694 autem
254 632 293 693 ad
307 631 460 706 hospitium
475 631 633 706 regredior.

231 739 360 798 loannes
384 735 505 797 Goselus
527 736 666 798 ducentos
689 743 718 797 et
740 739 949 814 quinquaginta
973 739 1098 802 florenos
1122 743 1160 802 ad
1179 743 1314 804 bimestre

141 850 255 918 tempus
271 842 354 902 nobis
369 847 468 902 mutuo
483 842 572 902 dedit.

229 949 381 1008 Famulum
396 948 434 1008 ad
449 947 600 1007 Glaserum
615 946 692 1023 misi,
716 955 747 1008 ut
763 949 787 1007 si
802 951 851 1023 qui
866 950 905 1009 ad
918 951 1075 1026 principem
1096 969 1177 1013 suum
1200 955 1312 1016 litteras

138 1055 209 1114 dare
224 1054 320 1126 vellet,
342 1069 392 1111 eas
408 1053 486 1112 ocius
501 1051 712 1127 conscriberet,
733 1070 799 1112 uam
813 1071 858 1113 me
874 1056 927 1115 sub
942 1060 1073 1116 octavam
1088 1057 1154 1117 hinc
1171 1059 1310 1120 discessu·

137 1177 213 1220 rum.
236 1159 355 1218 Interim
369 1158 400 1219 in
414 1157 548 1232 bospitio,
566 1174 635 1230 quae·
646 1157 683 1217 ad
698 1157 902 1232 profectionem
918 1163 1081 1222 necessaria
1097 1169 1188 1238 eraut,
1205 1181 1309 1240 parare

134 1283 220 1341 Jussr.

231 1369 369 1430 Volebam
385 1373 414 1428 et
429 1367 456 1427 d.
473 1367 624 1428 Nicolaum
639 1369 733 1428 Maier
748 1371 910 1444 convenire,
927 1385 1026 1430 verum
1042 1373 1066 1431 is
1082 1373 1206 1432 nondum
1225 1377 1308 1436 ado·

137 1477 217 1536 mino
232 1474 369 1536 Udalrico
384 1491 518 1537 reuersus
534 1479 605 1533 erat.

231 1582 303 1641 Post
317 1583 466 1654 septimam
482 1597 583 1639 rursus
598 1579 731 1639 Liborius
748 1579 952 1654 Obernburger
967 1581 1036 1641 adit.
1060 1583 1124 1656 Ego
1139 1582 1310 1646 Atrebateu·

139 1705 201 1748 sem
217 1688 370 1748 convenire
386 1687 482 1746 statui.
514 1683 562 1744 Ad
576 1686 685 1743 curiam
700 1679 795 1743 autem
807 1670 942 1757 'presulis
956 1688 1073 1746 veniens
1093 1687 1198 1746 ibidem
1218 1686 1309 1748 Dido·

139 1809 206 1853 nem
223 1791 460 1865 aKniephausen
486 1791 591 1850 iuveni.
622 1791 668 1848 Ex
690 1791 745 1850 hoc
767 1791 945 1866 querebam,
971 1793 1039 1865 quid
1057 1794 1232 1854 marschalco
1253 1796 1309 1854 Pa·

139 1898 275 1973 penheim
290 1913 344 1972 pro
358 1913 438 1956 more
453 1912 489 1954 cx
503 1900 570 1954 actu
580 1896 634 1986 ‘illo
648 1894 810 1956 deberetur.
834 1897 1003 1972 Respondit,
1020 1898 1091 1958 nibil
1100 1916 1228 1974 prorsus,
1245 1917 1311 1958 nam

140 2017 198 2062 nou
213 2002 328 2061 memini
343 2002 390 2060 rel
402 2016 448 2060 rue
463 2002 509 2062 vel
524 2001 657 2072 comitem
672 2001 846 2076 aRetbberg
862 2005 1013 2077 quicquam
1027 2003 1069 2062 illi
1086 2003 1208 2063 dedisse.
1233 2005 1309 2063 Dum

139 2110 238 2182 itaque
254 2106 289 2166 de
304 2087 476 2166 redimendis
491 2107 594 2165 litteris
609 2106 794 2182 remissoriis,
818 2113 981 2182 ut-vocaut,
1004 2123 1055 2167 nos
1071 2109 1126 2168 duo
1142 2108 1307 2169 confabula-

140 2230 251 2286 remur,
275 2217 436 2288 opportune
459 2211 618 2270 Zuichenus
638 2217 790 2272 asturcone
810 2217 908 2273 rectus
930 2213 1036 2273 ibidem
1058 2214 1149 2273 adest.
1188 2217 1233 2273 Ex
1254 2217 1310 2276 hoc

139 2321 228 2394 igitur
243 2318 447 2391 Kniephauseu
464 2317 574 2390 singula
589 2317 747 2377 sciscitatus
763 2323 850 2390 atque
864 2317 926 2375 haec
942 2317 1058 2376 edoctus
1074 2323 1131 2391 est,
1154 2319 1217 2377 illas
1233 2321 1309 2380 infra

142 2427 282 2486 ducentos
297 2421 421 2483 florenos
437 2439 495 2482 nou
510 2421 621 2481 redimi.
653 2423 732 2481 Nota
747 2429 843 2483 autem
858 2424 944 2482 aliern
959 2425 1178 2492 esserationem
1199 2441 1307 2499 eorum,

140 2545 268 2605 quorum,
279 2528 475 2604 possessiones
490 2542 580 2585 caesar
595 2526 680 2585 alicui
696 2528 732 2586 ab
742 2543 775 2587 eo
784 2530 829 2587 vel
838 2544 1032 2602 possessorem
1041 2529 1224 2588 redimendas
1233 2517 1308 2589 dono

140 2636 267 2708 dederit,
293 2637 321 2692 et
341 2648 452 2706 eorum,
477 2649 495 2690 a
517 2631 619 2718 quibus
641 2647 732 2690 caesar
747 2634 808 2706 ipse
824 2632 957 2692 mulctam
972 2633 1086 2706 accipit.
1119 2633 1165 2690 Ex
1180 2611 1330 2708 priorum*

140 2743 215 2800 euim
230 2740 383 2828 largitione
397 2727 448 2797 aut
463 2738 587 2812 propina
602 2738 778 2798 cancellariae
794 2737 839 2816 (ut
854 2735 985 2812 vocant),
1008 2738 1062 2796 hoe
1085 2744 1128 2820 est
1150 2739 1308 2799 scribarum

139 2827 285 2920 sodalitio,
303 2845 473 2902 centesimus
488 2835 618 2901 nummus
633 2843 717 2902 cedit.
748 2843 814 2902 Mos
824 2835 905 2902 'enim
920 2848 964 2900 est
980 2849 1084 2918 msam,
1101 2848 1133 2902 ut
1147 2848 1259 2917 vocant,
1276 2849 1309 2902 ut

140 2965 239 3011 eorum
261 2947 452 3022 rerboutar,
482 2948 643 3007 litterarum
665 2947 739 3008 fieri.
784 2949 842 3008 Sed
865 2949 902 3009 ad
924 2948 1146 3008 Atrebatensem
1168 2955 1307 3010 revertar.

138 3057 262 3116 Animus
281 3059 376 3113 autem
398 3058 462 3122 erat
481 3052 561 3111 illum
582 3056 736 3113 convenire
755 3071 789 3113 ac
810 3057 918 3130 gratias
938 3056 981 3114 illi
1000 3072 1100 3130 agere;
1125 3057 1176 3118 sed
1195 3062 1308 3130 tempus

139 3161 322 3222 dilabebatur
337 3167 367 3219 et
381 3159 537 3233 timendum
551 3159 621 3217 rnibi
636 3157 744 3234 fuerat,
768 3177 804 3219 ue
820 3166 887 3220 ante
902 3166 1031 3220 nostrum
1055 3161 1163 3222 abitum
1186 3176 1309 3220 noverca

120 3327 122 3330 ,
139 3241 241 3326 urbani
254 3267 386 3327 intraret.
419 3263 610 3338 Quamobrem
625 3264 800 3325 cubiculario
815 3268 955 3341 episcopi,
973 3281 1037 3339 quae
1053 3266 1123 3326 hero
1140 3284 1191 3327 suo
1206 3265 1308 3324 referri

139 3370 280 3445 volebam,
295 3370 438 3444 mandavi,
456 3387 488 3428 aa
503 3369 575 3429 illud
590 3371 700 3430 consilii
715 3373 786 3445 cepi,
803 3376 835 3430 ut
843 3370 1014 3444 Pinziugero
1027 3372 1144 3446 praesuli
1159 3387 1177 3428 a
1191 3372 1309 3428 secretis

139 3476 330 3538 taleridecem
340 3493 393 3552 pro
406 3477 561 3535 honorario
577 3474 715 3534 darentur
730 3491 764 3533 ao
779 3477 803 3533 is
820 3491 871 3533 nos
887 3475 964 3548 apud
979 3475 1141 3546 episcopum
1157 3476 1308 3532 excusatos

140 3584 267 3666 haberet,
285 3586 314 3640 et
329 3597 461 3640 caesarea
476 3582 629 3654 majestati,
646 3581 671 3638 si
685 3578 812 3650 posthaec
827 3579 888 3651 ejus
898 3594 985 3650 opera
993 3577 1161 3650 indigerem,
1178 3563 1308 3646 sedulum

140 3677 356 3749 sollicitatorem
380 3694 492 3762 ageret,
518 3679 603 3760 quam
625 3683 773 3758 pecuniam
793 3682 927 3748 Liberius
950 3697 1031 3740 ame
1051 3683 1176 3758 accepit,
1199 3700 1265 3742 uam
1284 3685 1308 3742 is

140 3793 279 3868 Augustae
295 3793 388 3852 adbuc
404 3797 624 3865 pernoctaturus
640 3794 712 3848 erat.

228 3897 342 3958 Deinde
357 3899 488 3956 comitem
504 3915 521 3956 a
536 3897 650 3956 Nessau
665 3899 748 3970 peto,
771 3896 820 3967 qui
835 3909 887 3956 uos
902 3909 1008 3952 mensae
1022 3896 1151 4012 assiQiere
1166 3911 1199 3952 ac
1211 3897 1308 3967 jecta·

141 4005 235 4066 ardum
251 4021 347 4064 secum
362 4020 474 4062 sumere
486 4005 582 4076 jussit.
612 4001 796 4076 Ajentaculo
811 4000 867 4074 ipsi
883 4000 1023 4059 discessus
1038 4017 1094 4058 mer
1109 4000 1249 4058 rationem
1265 3999 1308 4055 in-

141 4093 219 4185 dico,
237 4111 345 4184 gratias
361 4109 402 4168 illi
418 4123 472 4184 pro
488 4109 547 4166 suis
561 4103 707 4166 beneficiis
723 4110 752 4186 et
767 4106 870 4166 collata
885 4122 938 4180 pro
954 4123 999 4163 me
1015 4121 1103 4178 opera
1119 4117 1220 4175 agens,
1242 4100 1309 4160 olle·
1359 3927 1454 4246 β

140 4233 206 4276 rens
221 4232 287 4274 mea
303 4212 398 4273 officia
412 4217 442 4272 et
456 4214 497 4270 sic
512 4213 539 4270 ei
554 4213 725 4271 valedicens.
755 4187 868 4270 Donavi
890 4228 954 4270 enm
973 4209 1086 4268 interim
1107 4222 1189 4280 equo.
1220 4205 1309 4268 Dedit
1430 4267 1465 4290 .-

141 4328 169 4381 et
182 4323 232 4382 ille
246 4321 317 4379 mihi
333 4320 486 4390 caballum,
511 4299 801 4392 conposuerat-ionis
816 4332 884 4390 ergo
901 4315 952 4374 sed
972 4312 1008 4373 ob
1028 4323 1145 4384 causas,
1170 4327 1242 4385 quas
1263 4312 1309 4372 hic

140 4427 246 4487 chartis
260 4425 398 4484 mandare
413 4437 656 4498 supervacaneum
672 4427 723 4484 est.
755 4420 921 4497 Perplaeuit
935 4417 1006 4478 mibi
1020 4417 1081 4476 haec
1100 4433 1156 4476 rou
1175 4417 1308 4506 bominis,
