2940 4900
776 318 839 382 iffi

223 519 290 562 cere
305 496 415 576 ahquid
429 501 529 574 possit,
551 498 759 560 illisubvenire
772 499 871 558 velint.
910 497 1058 557 Praeterea
1076 513 1148 570 qum
1167 497 1296 556 adhunc
1307 511 1384 568 usque
1455 525 1458 528 ·

222 605 297 666 dem
316 603 436 664 inferior
451 598 601 664 Pannonia
614 604 745 663 a'lnrcis
760 619 898 677 perpessa
912 605 959 678 sit,
975 619 1011 662 ea
1024 619 1089 662 esse
1105 601 1283 677 huJusmodi,
1298 605 1328 658 ut
1339 600 1385 658 nisi

221 711 370 770 anatona
393 709 557 784 germanica
571 710 717 782 suppetias
732 710 847 784 habeat,
870 709 991 784 posthac
1004 709 1144 768 sustineri
1160 713 1314 782 nequeunt
1339 706 1387 765 Sed

221 815 354 876 dostrios
369 817 447 888 ipsos
462 816 590 874 crastino
604 829 720 874 causam
733 830 815 874 suam
829 814 908 887 apud
922 819 1016 874 status
1030 815 1148 887 imperii
1163 813 1351 888 exposituros.

311 921 427 981 Interim
451 919 523 978 illud
544 920 581 978 ab
605 918 819 992 archiepiscopo
845 919 1032 993 Mogontino,
1060 919 1206 980 videlicet
1233 916 1387 976 mucelam

221 1043 274 1100 per
287 1025 480 1098 Germaniam,
496 1024 688 1098 evulgandum
702 1025 815 1084 dicitur.

310 1129 378 1188 Dux
392 1127 547 1187 Mauritius
561 1129 676 1188 elector
699 1131 729 1186 in
750 1129 835 1188 domo
850 1129 1022 1203 llarquardi
1037 1145 1056 1188 a
1071 1129 1157 1189 Stein
1178 1125 1330 1202 prepositi
1341 1123 1389 1182 hu
1450 1091 1451 1110 Χ

221 1237 344 1310 goetani,
359 1235 528 1309 Mogontini
544 1239 574 1294 et
586 1233 807 1307 anbergensis
821 1235 992 1308 hospitatur.

311 1340 371 1401 Sub
393 1341 557 1400 concionem
580 1337 669 1399 fiebat
689 1339 816 1398 delectus
835 1339 978 1413 peditum,
1000 1341 1049 1414 qui
1072 1356 1130 1413 quo
1155 1337 1284 1414 propius
1297 1333 1390 1406 templo

222 1447 351 1507 Mauritii
366 1445 541 1506 accedebant
562 1445 648 1520 (istuc
667 1446 742 1504 enim
757 1445 813 1502 illis
833 1445 1063 1518 praetereundum
1086 1450 1153 1503 erat
1168 1439 1336 1503 volentibus
1347 1453 1389 1512 par
1450 1440 1451 1464 ²

221 1551 315 1611 lorum
330 1551 452 1611 Gaesaris
467 1551 605 1624 palatium
619 1548 724 1623 adire),
748 1565 782 1607 eo
797 1547 901 1609 lortius
916 1557 1068 1624 tympanas
1082 1548 1281 1609 incutiebant.

309 1656 338 1714 A
352 1657 488 1716 concione
502 1657 667 1716 volebamus
682 1653 902 1715 atrebatensem
916 1656 1036 1728 alloqui,
1059 1671 1160 1714 verum
1182 1652 1323 1714 ostiarius
1335 1664 1389 1708 cum

222 1761 285 1820 heri
309 1761 362 1820 sub
385 1777 490 1821 nonam
513 1763 603 1819 neoda
625 1766 773 1834 vocatum,
797 1766 830 1819 ut
848 1760 903 1818 hoc
930 1776 1013 1818 mane
1033 1759 1236 1833 tempestivius
1258 1757 1389 1816 Gesmen

221 1865 324 1938 adiret,
341 1866 445 1938 aiebat,
458 1866 576 1938 jamque
591 1866 684 1939 ipsum
699 1863 813 1923 abiisse.
853 1865 992 1924 Posthac
1011 1867 1151 1937 palatium
1166 1862 1334 1924 archiduu's
1346 1875 1388 1932 pc·
1450 1913 1451 1943 ,

222 1973 314 2030 titum
354 1971 536 2030 illucentem
551 1968 644 2029 adhuc
658 1969 784 2029 silebant
798 1971 907 2044 omnia,
929 1977 959 2029 ct
979 1970 1118 2030 archidux
1132 1971 1245 2044 plumis
1260 1965 1388 2026 haerehat
1449 1983 1451 2032 3

222 2076 380 2135 statuimus
394 2076 462 2135 dein
476 2075 601 2148 Viglium
616 2075 790 2134 Zuicbenum
805 2077 944 2149 invisere,
967 2076 1004 2135 ad
1019 2079 1098 2152 cajus
1117 2075 1321 2138 habitaculum
1334 2083 1387 2127 com
1446 2110 1458 2119 .,

221 2180 444 2254 perveniremus,
468 2181 568 2240 doctor
583 2180 670 2239 Fisch
687 2197 750 2239 cum
772 2181 836 2256 ipso
851 2198 938 2254 super
953 2181 1078 2254 negotiis
1090 2183 1150 2242 suis
1164 2177 1387 2253 colloquebatur.

221 2287 316 2359 Hujus
330 2287 418 2360 igitur
434 2287 542 2346 abitmn
556 2286 755 2358 prestolantes
770 2303 804 2348 ac
819 2285 983 2360 confestim,
1009 2287 1057 2346 ubi
1076 2287 1123 2346 bic
1137 2287 1253 2360 abiret,
1275 2281 1386 2356 Viglium
1450 2289 1451 2353 i

221 2395 251 2452 in
265 2392 449 2452 hibernaculo
464 2407 516 2450 suo
532 2392 723 2464 convenimus,
747 2392 789 2449 illi
805 2397 1061 2465 exponentesque
1080 2392 1118 2451 ad
1131 2407 1254 2456 musam
1269 2392 1386 2447 nostram
1450 2386 1451 2390 ’

220 2497 357 2571 iacerent,
373 2497 421 2571 qui
437 2498 531 2556 omnia
546 2495 659 2570 quidem
666 2497 810 2568 patienter
825 2496 943 2556 audivit.
954 2498 1061 2556 Verum
1076 2497 1117 2556 ait
1132 2513 1254 2557 causam
1268 2497 1385 2553 nostram

220 2605 251 2662 in
265 2603 385 2662 conciho
401 2601 515 2676 quidem
535 2601 675 2674 imperiali
696 2607 850 2662 hwtatam
870 2617 934 2660 esse
948 2608 978 2660 et
992 2617 1027 2660 eo
1043 2603 1205 2677 deventum,
1223 2608 1259 2662 ut
1272 2596 1383 2660 Atreba-

219 2711 310 2768 tensis
333 2709 370 2767 de
383 2707 429 2764 his
444 2723 576 2766 casareae
592 2708 737 2781 majestati
752 2708 921 2766 relationem
939 2706 1035 2766 iacere
1051 2709 1088 2766 sit
1099 2710 1207 2781 J'ussus.
1248 2706 1284 2766 ld
1298 2705 1384 2763 autem

219 2815 356 2873 hactenm
371 2812 408 2872 ab
421 2811 614 2872 Atrebatense
628 2813 666 2872 ob
681 2813 800 2886 negocia
814 2813 926 2885 imperii
942 2813 1113 2887 hispanica,
1134 2820 1164 2872 ct
1179 2814 1260 2886 quod
1275 2812 1312 2872 de
1325 2821 1382 2881 pm

219 2919 343 2978 lectione
358 2916 517 2977 archidocis
538 2919 599 2991 jam
613 2919 727 2977 solliciti
750 2919 820 2990 sint,
842 2921 872 2976 ct
891 2918 986 2976 nescio
1007 2935 1079 2992 quas
1099 2919 1285 2992 negociorum
1304 2911 1382 2972 molcs

220 3027 417 3098 procurarent,
433 3020 498 3078 ficri
513 3038 570 3079 non
586 3024 722 3094 potuisse.
745 3024 837 3082 Facta
852 3028 896 3082 est
907 3028 964 3082 eta
977 3023 1061 3083 nobis
1075 3025 1192 3099 mentio,
1208 3041 1278 3083 num
1292 3031 1380 3096 posse
1429 3075 1432 3084 .

219 3143 281 3186 mus
297 3127 335 3186 ad
349 3131 461 3199 tempus
476 3125 593 3198 aliquod
610 3142 673 3184 cum
689 3129 784 3200 gratia
799 3129 918 3202 dimitti,
944 3129 995 3188 sed
1019 3129 1048 3189 id
1064 3131 1178 3190 omniuo
1193 3147 1254 3190 non
1267 3127 1328 3187 iore
1341 3137 1380 3181 rt·

219 3229 343 3304 spondit.
367 3229 449 3288 Dixit
463 3245 577 3304 quoquc
592 3230 774 3290 archiducem
789 3232 844 3291 sibi
859 3235 934 3292 serio
949 3234 1113 3309 injunxisse,
1131 3252 1188 3309 quo
1203 3237 1266 3308 ipse
1280 3229 1380 3305 Vigh’us

219 3337 298 3412 apud
312 3335 533 3396 Atrebatensem
548 3335 678 3410 instaret,
695 3343 728 3394 ut
741 3336 849 3396 Caesari
864 3355 951 3399 causa
965 3345 1065 3406 nosha
1080 3337 1246 3414 referretur,
1262 3337 1379 3400 acdtrc·

218 3443 367 3505 batensem
393 3443 448 3516 ipsi
475 3442 619 3501 Zuicbeno
641 3441 807 3501 schedulam
832 3444 991 3504 ostendisse
1020 3446 1129 3517 inqua
1150 3446 1248 3504 multae
1269 3443 1378 3520 privata

219 3565 313 3611 causae
328 3550 447 3623 signatae
471 3553 568 3608 essent
582 3563 713 3608 caesarea
727 3550 872 3622 maiestati
886 3547 1058 3622 reierendoe,
1085 3551 1212 3610 nondum
1225 3557 1322 3611 autem
1334 3561 1378 3619 ott

219 3655 424 3726 portunitatem
440 3655 584 3729 obtigisse,
602 3660 634 3713 ut
650 3656 686 3715 de
701 3655 745 3712 his
760 3671 824 3712 curn
839 3653 953 3713 Gaesarc
967 3656 1015 3727 agi
1029 3660 1136 3729 posset.
1163 3656 1248 3730 Nam,
1264 3649 1377 3720 sitiit·

219 3757 283 3829 lius,
300 3756 397 3816 Caesar
412 3772 469 3815 non
485 3765 529 3816 est
543 3761 586 3818 ita
600 3761 718 3833 otiosus,
734 3765 767 3818 ut
781 3765 838 3818 stet
852 3764 882 3818 et
896 3757 996 3818 audiat
1009 3761 1297 3833 privatarum.rerum
1311 3755 1378 3817 relt-

219 3860 335 3919 ticnem.
374 3859 503 3932 Rogatus
517 3863 618 3935 igitur,
642 3871 674 3922 ut
688 3865 770 3924 nobis
785 3879 867 3922 suum
882 3864 1045 3939 consilium,
1068 3868 1118 3938 qui
1133 3867 1261 3940 posthaec
1274 3881 1320 3924 res
1333 3874 1376 3931 ss·

218 3962 384 4040 grediendae
400 3969 504 4037 essent,
521 3967 724 4041 impartiretur,
748 3967 821 4026 dixit
835 3985 867 4026 se
882 3969 955 4028 nihil
969 3971 1040 4029 certi
1057 3972 1139 4044 scire,
1155 3971 1252 4030 omnia
1267 3971 1339 4028 enim
1351 3975 1378 4020 st

219 4281 303 4353 scire,
318 4279 538 4340 Anabatensem
552 4279 607 4337 hcc
620 4280 778 4340 meridiano
792 4286 922 4354 tempore
944 4285 1015 4343 nihil
1028 4283 1139 4344 reterre
1153 4287 1290 4359 potuisse.
1326 4283 1375 4342 Rc

218 4385 348 4459 gemmus
362 4384 444 4458 inde,
465 4391 498 4444 ut
519 4386 582 4460 ipse
604 4384 682 4459 apud
701 4385 919 4475 Atrebatemem
933 4405 986 4464 pro
1010 4388 1092 4450 nobis
1106 4407 1194 4465 agere
1210 4392 1375 4466 dignaretur.

1454 3531 1456 3592 ι

218 4070 328 4144 iecisse,
345 4069 494 4129 consulere
517 4075 613 4129 autem
632 4077 665 4128 ut
683 4073 778 4145 exigui
800 4075 937 4145 temporis
957 4067 1038 4134 m'ora
1057 4075 1104 4133 hic
1119 4092 1177 4134 ιιοιι
1190 4075 1377 4150 fatigaremur·
1454 4099 1455 4162 j

219 4175 306 4248 Spem
326 4191 389 4235 esse
412 4176 489 4233 intra
511 4189 618 4248 paucos
638 4175 699 4234 dies
723 4192 839 4235 causam
861 4185 989 4238 nostram
1012 4181 1122 4254 peragi.
1162 4181 1200 4239 Se
1219 4198 1290 4240 vero
1308 4177 1377 4238 certa
1454 4180 1455 4199 ¹
