2940 4900
638 333 702 400 107

76 531 135 574 eum
149 515 294 576 accedero
310 516 477 578 volentibus
492 516 606 577 obviam
620 515 712 577 factus
728 519 782 576 ait:
799 517 894 590 Quid?
910 535 977 576 num
992 534 1043 578 vos
1054 519 1187 592 querelas
1202 506 1268 579 ad?

76 615 172 679 fertis?
187 621 257 682 Jam
272 625 377 682 animo
391 627 547 682 statueram
562 624 624 695 ipse
639 640 694 696 ego
703 611 784 682 vobis
798 626 907 695 scripta
922 623 1066 696 exhibere,
1081 629 1196 697 quantis
1211 630 1254 683 in·

74 726 152 797 juriia
175 725 290 790 subditi
315 731 411 788 nostri
433 745 452 788 a
472 729 625 788 comitibus
645 726 821 799 afficiantur3
846 733 877 788 et
896 728 974 800 quod
996 745 1041 787 me
1062 730 1137 787 male
1158 729 1255 804 habet,

78 845 144 888 uxor
163 835 317 904 praetereo
339 833 453 893 comitis
468 832 600 892 Wolradi
620 834 815 891 contumacius
834 833 873 891 ad
893 849 972 892 meos
992 834 1171 893 consiliarios
1190 851 1255 906 per-

78 936 195 1008 scripsit.
237 935 301 996 Sed
325 937 429 1012 modo,
452 939 561 1012 iuquit,
584 935 620 995 de
642 937 688 994 bis
710 938 797 998 latius
820 937 916 996 dicere
939 953 996 998 uou
1018 942 1114 1012 pacat,
1138 938 1257 1011 posthac

79 1043 166 1098 omnia
181 1040 418 1117 vobis-legenda
437 1041 587 1102 exhibebo.
624 1041 698 1101 Nam
718 1046 782 1100 crat
801 1045 898 1102 nescio
917 1059 981 1116 quoy
995 1043 1134 1104 abiturus.
1165 1044 1257 1103 Jussit

78 1144 161 1217 igitur
179 1160 280 1204 comes
306 1164 327 1207 a
348 1148 464 1207 Nassau
484 1161 537 1220 per
556 1145 693 1205 Lindium
715 1149 832 1205 comites
852 1147 1024 1210 aWaldeck
1044 1149 1081 1208 ad
1104 1148 1257 1222 prandium

80 1249 162 1321 ipsius
184 1255 306 1328 uenire,
334 1253 477 1326 audituri,
501 1251 571 1326 quid
594 1251 724 1324 responsi
747 1266 765 1310 a
788 1249 957 1310 Colonieuse
979 1254 1156 1325 acceperint,
1180 1254 1257 1326 quod

80 1351 226 1414 ellectum
241 1362 300 1416 est
334 1359 469 1417 irritatus
485 1361 530 1416 cst
544 1353 642 1416 autem
655 1354 801 1414 Adrianus
820 1372 838 1415 a
858 1357 979 1422 Zertzan
1000 1355 1037 1416 ob
1056 1361 1255 1430 contemptum,

82 1459 181 1531 etipse
197 1461 319 1538 ajebat,
345 1463 443 1522 uxoris
457 1460 510 1520 filii
525 1463 570 1520 aui
584 1461 753 1520 Hermauni.

165 1562 273 1625 Comes
290 1567 464 1628 wilhelmus
479 1583 497 1626 a
511 1565 629 1624 Nassau
650 1566 710 1638 jam
731 1566 791 1639 agit
805 1565 898 1624 atatis
913 1581 972 1624 suae
992 1578 1099 1626 aunum
1113 1565 1256 1639 sexagesi-

7 1706 8 1710 ,
84 1681 153 1724 mum
168 1671 336 1730 secundum
351 1679 381 1731 et
399 1669 454 1730 fuit
468 1685 608 1732 aonomm
623 1669 730 1744 decem,
746 1669 813 1730 dum
828 1671 858 1731 in
871 1670 964 1730 aulam
981 1670 1118 1730 Ludoviei
1133 1671 1258 1731 Palatini

86 1769 213 1832 electoris
230 1775 396 1836 deveniret.

169 1877 404 1942 Centumlibrae
419 1883 502 1956 cupri
516 1897 567 1941 sex
581 1879 700 1940 thaleris
715 1882 813 1939 venire
828 1879 928 1940 cadem
943 1896 962 1938 a
976 1879 1181 1939 mercatoribus
1197 1880 1258 1953 ejus

12 2003 13 2006 ¹
85 1983 188 2042 metalli
202 1988 381 2059 accepimus.
426 1986 575 2046 Peditatus
603 1989 776 2046 medones
796 1985 904 2046 civitati
919 1985 1010 2045 Ulmae
1032 2001 1137 2058 magua
1151 1986 1256 2043 incom-

13 2103 14 2124 ³
87 2087 166 2148 moda
179 2087 298 2152 interro
312 2091 425 2152 dicitnr.
464 2092 601 2152 Ciuitates
616 2091 702 2152 Ulma
716 2096 746 2150 et
759 2090 891 2164 Augusta
913 2107 977 2150 cum
999 2091 1145 2151 cardinale
1159 2090 1257 2163 Augu·

13 2189 15 2218 '²
89 2196 166 2252 steno
179 2195 211 2254 in
222 2197 284 2258 boe
292 2203 498 2270 convenerunt,
509 2202 542 2256 ut
550 2193 789 2278 circumforaneos
804 2199 834 2253 et
847 2197 953 2269 passim
969 2197 1139 2254 cursitantes
1153 2194 1257 2252 milites

14 2313 15 2336 ³
90 2299 279 2369 agnoetarum
296 2302 463 2375 sauguinem
479 2307 643 2377 angentes,
660 2302 690 2360 ui
704 2300 828 2376 principi
845 2301 932 2360 ebeni
951 2298 1057 2358 addicti
1077 2301 1134 2357 sint
1149 2300 1256 2374 stipen-

14 2411 15 2466 ἶ
93 2399 135 2460 diu
147 2407 294 2481 merituri,
309 2413 339 2466 et
351 2409 383 2467 iu
396 2409 456 2467 suis
470 2407 603 2467 dominiis
616 2406 760 2480 weupoliari
775 2410 804 2465 at
817 2405 889 2464 cmdi
902 2404 1007 2477 ubique
1021 2387 1181 2462 admittant.

171 2509 364 2573 atrebatensi
382 2513 519 2586 scriptum
539 2511 769 2584 supplicationis,
799 2515 886 2584 prout
901 2513 1109 2578 statueramus,
1133 2507 1259 2566 nondum

94 2608 213 2674 oblatum
229 2622 287 2676 est.
312 2614 414 2676 Comes
429 2615 545 2676 Samuel
559 2616 589 2674 in
604 2629 654 2674 rus
669 2614 789 2690 abierat,
815 2605 905 2688 quare
919 2613 1065 2673 nobiscum
1081 2613 1157 2687 apud
1172 2613 1264 2685 comi-¹

96 2719 199 2779 merab
213 2699 358 2782 mone
374 2736 430 2780 non
447 2726 492 2780 est
504 2735 637 2794 pransus.
1095 2768 1100 2784 s

175 2824 290 2888 Eodem
313 2826 413 2888 Iberos
433 2841 486 2900 pro
510 2841 609 2884 eorum
632 2840 712 2884 more
733 2825 799 2900 pilae
822 2824 887 2883 lusu
909 2841 940 2884 se
955 2823 1114 2884 exercitare
1129 2819 1259 2883 vidimus.

11 2970 13 2978 a
85 2925 163 3000 ¹Sunt
176 2940 278 2994 autem
292 2935 359 3007 pilae
374 2949 472 2994 eorum
487 2932 608 2993 diversae
624 2948 642 2990 a
656 2933 772 3005 noeais,
788 2945 854 2990 uam
869 2931 945 3006 globi
960 2930 1082 2988 coriacei
1097 2931 1164 2988 suut
1173 2929 1260 3002 J'ustte

96 3038 298 3109 ualitudinis
311 3045 425 3100 tantum
439 3045 491 3112 per
506 3035 630 3098 fistulam
645 3041 731 3097 vento
746 3033 845 3096 inflato
860 3041 1012 3096 tumentes.
1084 3056 1092 3062 ·

11 3151 12 3176 ³
177 3142 381 3204 l'crdinendus
392 3160 444 3204 rex
456 3144 579 3204 statibus
593 3142 704 3216 imperii
713 3141 851 3202 nonnulla
860 3143 890 3200 iu
906 3141 989 3200 domo
1005 3129 1148 3200 senatoria
1158 3155 1261 3213 propo·

12 3299 13 3315 ,
99 3243 158 3319 suit,
171 3249 292 3323 seilicet,
310 3251 378 3324 quia
392 3249 423 3308 iu
436 3249 565 3308 terminis
581 3253 611 3306 et
624 3244 783 3307 confinibus
799 3247 958 3306 Turcarum
977 3258 1130 3320 regnorum
1146 3239 1261 3305 suorum

100 3352 127 3408 ut
139 3351 168 3412 iu
180 3355 306 3434 Vienna,
321 3333 480 3415 Pannoniae
496 3360 526 3414 et
539 3354 603 3412 aliis
617 3354 686 3413 locis
708 3350 896 3411 adtuendam
911 3352 1055 3410 nationem
1071 3350 1261 3422 germanicam

11 3457 13 3520 l
102 3455 282 3520 etTurcasa
302 3461 458 3520 christiano
483 3459 552 3520 orbe
575 3474 611 3518 cx
632 3457 686 3518 hac
710 3463 793 3532 parte
814 3457 953 3516 arcendos
973 3455 1145 3513 munitiones
1168 3454 1263 3512 extrui

102 3573 197 3635 meane
213 3573 332 3624 suorum
348 3565 513 3640 dispendio,
535 3579 657 3638 quorum
672 3569 800 3637 sumptus
816 3567 939 3635 quatuor
953 3558 1088 3618 miriades
1104 3559 1167 3616 auri
1181 3573 1263 3617 exce·

104 3659 205 3744 darent,
223 3645 376 3730 curaverit.
409 3669 482 3730 Item
496 3669 681 3730 hereditaria
696 3684 787 3742 regua
801 3673 831 3726 ct
849 3667 968 3727 ducatus
982 3665 1071 3739 ipsius
1084 3661 1160 3725 adeo
1175 3665 1263 3723 couti·

105 3771 160 3832 uuis
174 3775 334 3838 Tur-cerum
349 3774 516 3834 excursibus
532 3779 561 3834 et
580 3771 826 3834 enuntiationibus
842 3772 998 3847 exagitari,
1028 3777 1061 3830 ut
1076 3773 1263 3846 unusquam

11 3952 14 3976 Γ
106 3871 154 3936 illis
166 3882 311 3955 respirare
326 3880 420 3940 datm.
443 3879 489 3954 Ad
504 3881 566 3940 boec
579 3881 711 3940 inducias
726 3877 952 3954 quinquennales
963 3878 1038 3938 inter
1047 3878 1198 3937 Turcicum
1212 3879 1264 3937 im·

12 3976 13 3988 ¹
105 3992 260 4050 madorem
279 3993 310 4046 et
331 3985 474 4046 Caesarem
493 4002 528 4044 ac
548 3985 762 4045 Ferdiuandum
785 3987 994 4060 intercessisse,
1026 3987 1106 4058 eujus
1127 3985 1263 4056 temporis

107 4085 158 4146 tres
169 4092 228 4164 jam
243 4107 317 4166 pene
333 4091 402 4150 anni
417 4091 511 4172 elapsi
522 4092 588 4150 sint.
616 4091 672 4149 Vix
686 4091 774 4164 igitur
788 4092 818 4149 in
831 4089 950 4163 reliquis
960 4090 1070 4150 duobus
1079 4091 1161 4147 aunis
1175 4075 1262 4161 appa-³

107 4197 189 4255 mmm
204 4197 272 4256 belli
287 4199 452 4271 recuperari
475 4213 568 4272 posse.
607 4197 722 4270 Rogare
743 4195 831 4270 igitur
850 4196 1029 4270 maiestatem
1051 4209 1130 4253 suam
1150 4210 1206 4266 quc
1227 4194 1265 4254 ad

108 4301 281 4362 resarcienda
300 4301 362 4360 baec
382 4301 560 4362 incommoda
580 4305 611 4361 et
631 4299 861 4374 praeveniendam
883 4299 1042 4358 'furcarum
1063 4299 1265 4359 truculentiam

110 4405 190 4470 satus
204 4409 317 4483 imperii
339 4423 449 4468 summa
471 4407 567 4482 aliqua
586 4405 766 4484 pecuniaria,
789 4419 853 4476 quae
869 4408 965 4475 tamen
979 4404 1010 4464 iu
1024 4418 1127 4468 nervos
1141 4405 1210 4464 belli
1223 4404 1266 4474 fa·
