2966 4900
672 319 739 385 203

91 501 260 578 magister
275 517 340 562 cnm
354 502 451 578 pueris
466 501 607 578 psalmum
621 499 783 582 germanice
796 515 910 574 versum
924 502 1058 564 meunt
1093 501 1227 564 Minister
1239 519 1291 580 pa·

92 619 167 664 cem
192 608 310 682 populo
334 611 468 682 precatus
488 609 620 668 oratione
640 607 769 681 perlecta
790 611 889 666 nostm
913 605 1053 667 catalecto
1075 609 1181 682 popule
1201 610 1292 672 Amen

91 713 323 786 respondente,
340 729 455 772 rursum
466 714 594 772 minister
604 711 829 772 »Benedieamus
845 712 981 772 domino«
999 712 1102 772 temnit
1116 720 1146 773 et
1160 731 1225 774 cum
1240 717 1289 776 be-

92 815 283 876 nedictione
302 817 440 892 populum
455 818 659 890 ecclesiamque
678 818 793 876 dimisit.
837 817 877 876 Et
891 816 922 874 hi
937 823 1003 878 sunt
1018 819 1091 878 ritus
1107 820 1291 882 ecclesiastici

95 921 190 995 apud
208 921 353 983 Wcrdam
366 921 501 982 Danubii.
937 935 941 943 ·

204 1027 287 1086 Dum
301 1027 506 1102 pranderemus
518 1034 659 1087 uenerunt
672 1029 767 1091 scribe
781 1026 896 1102 quidam
912 1027 1014 1086 ducum
1026 1027 1292 1104 Luneburgensium

97 1115 607 1206 amnemamnem,
631 1135 679 1207 qur
702 1133 842 1192 orsinae
861 1133 1031 1206 numano
1050 1133 1152 1208 epse
1165 1135 1292 1196 amnes

97 1235 291 1297 adduxerat.
330 1237 405 1298 Nam
427 1239 560 1298 carnibus
582 1239 692 1312 equinis
714 1239 801 1298 etiem
821 1243 1044 1312 pmpuratornm
1064 1237 1140 1298 rubii
1159 1240 1292 1302 macene

99 1345 213 1415 gratia
231 1343 353 1402 emenda
367 1348 420 1403 est.
458 1342 538 1403 Idem
558 1360 671 1418 queque
692 1358 792 1403 rursus
815 1343 978 1416 episcopum
993 1341 1177 1402 Bremensem
1192 1344 1291 1419 Angu-

100 1451 188 1508 stam
204 1447 368 1522 proiectum
383 1447 473 1522 dixit,
498 1451 676 1508 annuncians
696 1463 807 1524 quoqne
828 1451 948 1506 mortem
969 1446 1071 1508 nobilia
1093 1454 1123 1508 et
1136 1449 1292 1522 praedivitis

102 1541 216 1613 mulleis
234 1552 317 1613 donis
332 1555 464 1626 preclari
484 1554 539 1613 viri
555 1555 678 1614 Simonis
700 1553 736 1612 de
751 1553 860 1614 Wendt
874 1553 905 1611 in
920 1552 1070 1612 Vornbolt.
1109 1553 1195 1614 Faxit
1209 1553 1291 1614 Obri-

105 1663 178 1718 stus
195 1663 232 1718 ut
247 1657 326 1717 illum
348 1673 410 1718 cnm
425 1658 555 1719 omnibus
576 1658 682 1717 macne
698 1659 728 1717 in
742 1657 793 1718 illa
808 1657 854 1717 die
870 1657 969 1718 videre
984 1658 1138 1718 valeamus.
1178 1659 1221 1719 sit
1235 1675 1292 1734 pes

109 1763 193 1824 vivis
210 1769 244 1824 et
257 1765 371 1838 requies
386 1762 537 1838 defunctis,
553 1765 583 1823 in
597 1765 704 1839 pepnlo
719 1765 841 1823 maxime
858 1761 970 1824 Christe
984 1769 1042 1823 tno.

209 1869 325 1944 Hospes
339 1870 446 1930 Jeanni
460 1867 609 1929 Friderico
633 1870 751 1930 electori
773 1884 888 1928 currum
910 1885 992 1928 sunm
1012 1875 1140 1930 mutuum
1160 1869 1241 1932 dedit
1254 1870 1292 1930 ad

110 1973 321 2036 advehendum
340 1975 505 2036 cerevisiam
528 1991 544 2034 e
564 1974 752 2048 bebanburh,
783 1989 842 2048 qua
863 1980 923 2034 tnm
948 1975 1055 2035 elector
1072 1975 1136 2037 loco
1160 1975 1292 2052 ngica

114 2077 270 2142 utebathr.

211 2185 326 2260 Hospes
345 2201 398 2244 nos
419 2184 537 2245 donavit
551 2186 681 2246 oratione
697 2186 841 2259 electoris,
866 2201 902 2244 ex
922 2201 979 2259 qna
998 2184 1083 2244 facile
1102 2187 1291 2248 consentiam

114 2292 184 2365 ejus
199 2290 295 2350 metiri
312 2295 365 2350 est.
388 2290 536 2350 Memento
551 2292 622 2366 ejus,
638 2308 655 2352 o
670 2290 795 2364 demine,
812 2288 967 2351 secundum
982 2289 1139 2350 bonitatem
1154 2295 1242 2352 tuam.

210 2397 321 2456 Rumor
343 2393 500 2470 ferebatur,
517 2397 709 2456 marchionem
724 2395 875 2456 mbemum
898 2396 1012 2467 captum
1033 2409 1105 2468 esse,
1129 2395 1181 2455 sed
1204 2412 1293 2456 uanus

118 2502 170 2562 hio
186 2505 260 2562 erat.
426 2573 430 2580 ²

211 2605 273 2666 Sub
287 2605 464 2666 undecimam
486 2621 539 2681 per
558 2607 646 2667 alium
662 2607 847 2667 ecclesiasten
871 2587 1029 2666 babita'est
1044 2621 1127 2666 sacra
1142 2607 1241 2668 condo
1256 2607 1293 2667 de

118 2712 253 2787 symbolo
268 2709 335 2770 fidei
349 2716 467 2786 nesure,
482 2710 625 2772 hominem
640 2711 754 2788 quidem
769 2727 827 2772 non
842 2710 998 2786 indoctum,
1016 2713 1066 2784 qui
1080 2713 1122 2771 ita
1135 2713 1292 2772 autoritate

119 2819 249 2894 quedem
271 2823 301 2878 et
319 2816 477 2877 christiane
499 2819 618 2879 seientia
640 2819 733 2892 capita
752 2816 820 2877 fidei
836 2820 943 2876 nostrae
958 2816 1134 2890 perstrinxit,
1157 2821 1190 2876 nt
1203 2817 1293 2879 miror

121 2925 147 2983 si
162 2923 219 2997 ipsi
234 2909 322 2982 alium
343 2925 374 2982 in
396 2922 451 2983 hac
470 2940 504 2984 re
526 2922 580 2982 sibi
600 2939 699 2997 parem
714 2923 833 2997 babeat,
856 2922 923 2981 dum
937 2921 999 2997 ejus
1013 2922 1184 2997 compositos
1198 2939 1293 2986 mores

123 3035 154 3090 et
169 3028 362 3102 eloquentiam
384 3029 590 3102 scripturarum
613 3031 738 3088 scientiae
757 3029 886 3102 junctam
900 3026 1075 3090 consideres.
1112 3029 1294 3090 Potissimum

124 3140 222 3195 eutem
237 3133 352 3193 tertiam
367 3139 479 3207 partem
503 3131 570 3194 fidei
597 3133 710 3195 »Crede
726 3135 757 3192 in
771 3134 901 3207 spiritum
916 3122 1065 3192 sanctum&
1087 3149 1149 3192 cum
1171 3139 1294 3208 quatuor

127 3237 342 3299 adherentibus
358 3239 485 3298 articulis
501 3239 666 3300 declaravit.
689 3241 756 3300 Vita
771 3246 888 3314 aeterna
905 3239 1005 3330 inquit,
1022 3239 1128 3314 duplex
1144 3241 1294 3315 etthonis

123 3361 177 3406 sua
193 3350 224 3405 et
237 3345 319 3404 melis
334 3361 387 3405 sna
402 3351 456 3404 etc.
534 3410 540 3420 s

214 3450 325 3510 Eadem
340 3451 455 3509 circiter
469 3465 574 3510 nonam
588 3449 688 3510 horam
703 3449 928 3525 pomeridianam
945 3449 1011 3507 dem
1026 3462 1044 3504 a
1059 3462 1143 3506 coena
1157 3447 1292 3530 deambu-

124 3557 262 3630 labamus‚
283 3552 359 3615 forte
374 3556 403 3613 in
423 3556 519 3628 platea
543 3557 728 3628 respicientes
752 3556 899 3628 insperato
922 3551 1085 3612 Conradcm
1107 3550 1294 3628 Milchlinge

12 3643 14 3692 J
127 3659 288 3722 Schonstad
310 3677 362 3721 nes
382 3661 519 3720 accedere
538 3661 681 3732 videmus,
707 3661 756 3732 qni
771 3660 882 3719 litteras
902 3658 1052 3722 adomiha
1066 3671 1150 3718 socru
1165 3662 1195 3720 et
1208 3675 1292 3720 cnor-

10 3775 13 3842 ὶ
126 3768 189 3827 cula
205 3765 321 3839 detulit,
341 3768 375 3823 nt
389 3782 407 3824 a
420 3766 627 3834 mercatoribus
646 3765 723 3824 mille
744 3762 868 3832 florenos
883 3764 1012 3837 accipere
1026 3779 1148 3840 possem,
1164 3764 1220 3828 tide
1234 3784 1293 3828 ma-

11 3851 14 3892 3*
124 3872 178 3931 tris
193 3871 256 3948 hac
269 3871 403 3944 princeps
418 3867 512 3930 officio
534 3869 632 3930 lunda
647 3871 688 3929 nil
703 3870 822 3943 omittit,
844 3868 920 3944 quod
934 3869 971 3930 ad
986 3871 1115 3933 levamen
1130 3874 1231 3934 barum
1247 3889 1293 3932 ea·

125 3977 284 4036 lamitatnm
299 3973 416 4035 laceret.

211 4070 332 4141 Decima
353 4099 430 4142 none
448 4081 530 4140 Junii
552 4079 598 4142 die
614 4081 779 4157 Walpurgis
803 4083 947 4144 comitissa
968 4083 1004 4156 ab
1019 4079 1193 4154 Henneberg
1208 4079 1294 4140 vidua

125 4186 152 4245 in
166 4167 264 4248 Honlo
279 4203 297 4245 a
311 4187 415 4246 marito
430 4201 482 4245 sno
493 4185 597 4246 Cereio
612 4187 776 4248 aGleiehen
791 4188 820 4247 in
834 4186 1054 4248 Chrauichvcldt
1067 4184 1231 4245 introducta
1241 4192 1294 4246 est.

212 4292 292 4351 Avus
307 4292 453 4351 uxorcula
474 4292 595 4352 salutem
615 4293 697 4352 nobis
718 4293 886 4352 annunciari
906 4291 1004 4351 voluit.
1043 4289 1138 4348 Etiam
1153 4291 1185 4350 in
1197 4291 1295 4354 Bain-

127 4395 201 4463 derll
214 4397 332 4458 sinistra
346 4393 423 4456 fama
438 4401 483 4456 est
498 4396 534 4456 de
549 4396 717 4472 captivitate
730 4395 844 4457 hiberti
857 4393 1041 4458 marchionis.-
