2940 4900
733 290 796 354 152

176 473 354 536 uidebantur.
395 475 479 533 Nunc
501 477 611 544 autem,
635 471 701 530 dum
721 474 839 543 peccato
859 475 958 528 nostro
981 469 1127 530 etmerito
1151 466 1334 527 submissiones
1422 493 1432 548 p

175 579 244 640 iacti
263 580 350 639 almus
371 585 401 638 et
419 593 490 638 crux
511 577 595 650 adsit,
620 579 723 648 quotus
747 578 791 633 est
810 575 859 648 qui
878 590 937 633 non
957 590 974 633 a
994 573 1076 632 nobis
1091 571 1223 632 resiliat?
1257 571 1335 642 Quum
1423 589 1433 638 ι

175 700 259 744 rarus
280 690 338 755 est,
362 684 410 756 qui
431 683 476 742 vel
497 681 727 741 concionatorem
746 677 835 737 affatu
859 677 1012 753 dignetur?
1047 677 1105 737 Sed
1122 678 1188 736 haeo
1209 674 1291 748 fiunt,
1310 679 1338 732 ut

175 789 342 864 palamt
290 786 355 862 fiat,
379 803 447 846 num
467 801 535 845 vene
557 790 643 844 etex
665 786 760 843 animo
781 787 880 841 nostra
902 785 1017 842 nomina
1038 781 1154 840 veritati
1178 779 1338 850 dederimus,
1429 805 1436 848 1

176 893 259 953 amiel
275 891 382 952 Christi
396 893 484 948 simus
500 896 529 949 et
543 893 689 963 praecepta
704 889 765 960 ejus
781 889 855 947 serio
871 891 987 946 se'rvare
1002 887 1187 958 voluerimus,
1202 891 1254 943 aut
1267 883 1341 942 simu·
1432 869 1437 952 1

175 998 282 1058 latores
297 996 343 1055 vel
357 996 513 1066 hypocrite
529 994 625 1065 simus,
634 992 670 1051 de
686 992 788 1066 quibus
803 993 844 1051 ait
860 991 887 1050 d
904 975 1022 1051 Tobiae·
1040 991 1126 1050 «Non
1141 988 1342 1062 contemplatur

175 1101 284 1162 vultum
298 1105 377 1158 tuum
392 1099 484 1155 omnis
498 1097 679 1169 hypocrita.
663 1098 743 1156 «tE
760 1097 817 1155 boc
831 1101 875 1156 est
891 1095 968 1168 quod
983 1095 1160 1168 evangelista
1177 1095 1260 1153 dicit:
1278 1091 1344 1163 «oui

176 1203 245 1262 dicit
259 1218 291 1262 se
310 1218 466 1277 agnoscere
487 1201 639 1275 Christum,
664 1206 694 1274 et
713 1205 858 1275 praccepta
879 1201 939 1273 eJus
960 1216 1018 1258 uon
1037 1203 1143 1272 servat,
1167 1195 1294 1256 mendax
1308 1201 1346 1254 est

176 1313 206 1368 ct
220 1312 333 1367 nonest
347 1308 377 1366 lu
390 1323 424 1365 eo
437 1297 575 1365 veritas«
600 1307 655 1364 Hic
670 1322 783 1378 quoque
798 1322 884 1378 quam
899 1305 926 1364 d.
937 1306 1085 1364 Masculus
1099 1305 1224 1364 subinde
1240 1316 1345 1361 movere

175 1413 250 1473 solet
271 1412 471 1486 questionem,
495 1411 570 1468 hanc
592 1411 700 1468 scilicet
721 1410 824 1468 movit:
847 1409 888 1469 Et
908 1409 956 1482 qui
979 1425 1031 1483 ego
1054 1410 1194 1468 miseret
1219 1411 1346 1481 peccator

1437 1117 1440 1158 t

1439 1219 1441 1262 l

1440 1305 1442 1344 l

175 1533 292 1592 possum
306 1533 421 1574 servare
436 1521 582 1589 praecepta
598 1512 727 1574 Christi?
757 1513 917 1587 Respondit
935 1513 982 1570 hic
996 1514 1073 1573 idem
1094 1513 1173 1584 quod
1187 1511 1345 1571 Masculus:
1444 1535 1446 1590 χ

175 1621 315 1694 Praepara
337 1637 387 1679 cor
409 1627 488 1679 tuum
509 1620 638 1692 domino,
661 1608 732 1678 velis
756 1624 785 1676 et
807 1619 904 1692 cupias
928 1633 963 1675 ex
986 1619 1080 1676 animo
1102 1618 1145 1676 illi
1165 1619 1197 1676 iu
1222 1615 1347 1677 omnibus
1445 1647 1447 1676 ι

176 1723 304 1796 obedire,
321 1730 350 1782 et
365 1726 464 1782 conari
478 1741 531 1797 pro
546 1740 631 1798 posse
647 1727 698 1781 est.
722 1721 802 1782 Deus
818 1739 869 1794 per
884 1725 913 1780 et
928 1727 1047 1796 propter
1063 1721 1209 1781 Christum
1229 1721 1282 1780 tibi
1297 1718 1348 1775 hoc
1447 1747 1448 1764 ι

176 1827 215 1888 ad
235 1827 428 1900 impletionem
448 1827 606 1900 reputabit,
631 1827 707 1900 quod
727 1843 764 1886 ex
787 1827 894 1885 intimis
915 1827 1072 1886 visceribus
1092 1833 1122 1886 et
1146 1827 1221 1886 velle
1246 1836 1347 1898 cupere
1448 1847 1450 1900 3

176 1930 259 1990 uobis
274 1927 364 1989 dulcis
379 1930 428 1988 ille
442 1931 526 1988 Jesus
541 1931 641 2004 largiri
656 1931 797 2004 dignetur.
828 1931 930 1989 Amen.

264 2034 375 2093 Eadem
398 2034 465 2092 dum
486 2035 632 2092 nobiscnm
654 2037 804 2092 statuimus
826 2032 921 2094 conniti
940 2051 959 2093 a
980 2033 1094 2094 Nassau
1115 2035 1347 2109 capitulationem

177 2141 256 2199 illam
270 2138 308 2196 ad
323 2137 474 2212 legendum
490 2137 633 2213 exhibere,
650 2143 811 2212 opportune
826 2113 969 2212 Massgrel
983 2155 1036 2198 nos
1052 2138 1089 2196 ad
1104 2141 1236 2197 comitem
1254 2138 1348 2197 venire

174 2243 279 2317 iubens
294 2242 376 2301 nobis
391 2241 424 2301 lit
439 2242 560 2303 obviam.
596 2245 751 2330 Venientes
775 2248 869 2302 autem
890 2243 927 2301 ad
948 2243 1080 2301 comitem
1102 2259 1120 2301 a
1140 2243 1257 2301 Nassau
1279 2239 1347 2300 Wil-

177 2349 300 2408 helmum
315 2349 446 2406 comitem
461 2365 479 2406 a
494 2349 685 2422 Witgenstein
700 2347 806 2406 ibidem
820 2348 1043 2420 reperiebamus.
1074 2347 1241 2406 Consultum
1263 2347 1348 2421 igitur

178 2453 274 2512 comiti
293 2455 439 2513 aNassau
458 2455 549 2512 visum
572 2457 617 2512 est
633 2453 808 2526 jentaculum
829 2467 943 2510 sumere
963 2455 992 2509 et
1013 2449 1210 2510 Coloniensem
1232 2452 1264 2509 in
1285 2464 1347 2510 arce
1451 2477 1452 2490 ι

178 2556 323 2616 Velberck
342 2557 437 2632 adire,
461 2558 619 2632 periculum
641 2557 759 2630 facturi,
784 2558 899 2628 anjam
919 2557 1007 2614 tertio
1029 2556 1108 2629 apud
1129 2556 1348 2615 Atrebatensem

178 2677 265 2735 agere
288 2662 371 2735 velit,
395 2662 420 2718 si
444 2677 577 2721 numerus
599 2664 687 2720 minui
707 2667 814 2736 posset.
852 2659 1003 2717 Paruimus
1025 2660 1114 2732 igitur
1140 2661 1230 2736 ipsius
1257 2658 1348 2720 consi-

177 2766 218 2824 lio
240 2782 274 2825 ac
298 2766 374 2824 circa
396 2766 532 2825 decimam
552 2766 806 2825 antemeridianam
826 2781 860 2822 eo
887 2764 1034 2822 vementes
1055 2764 1302 2838 archiepiscopum
1320 2764 1349 2821 iu

178 2869 299 2929 edicula
314 2867 438 2942 quadam
452 2875 519 2927 ante
539 2875 654 2943 pontem
673 2851 747 2928 arcis
767 2870 914 2928 sedentem
934 2870 1101 2942 invenimus,
1126 2869 1176 2941 qui
1198 2872 1348 2943 conspecto

179 2975 281 3032 comite
295 2973 448 3031 Wilhelmo
463 2971 504 3028 illi
521 2973 634 3032 obviam
650 2975 789 3048 processit
803 2974 884 3032 nobis
906 2989 1019 3046 quoque
1039 2973 1168 3032 dextram
1188 2975 1347 3048 porrigens.

178 3076 273 3134 Erant
286 3075 317 3131 in
333 3075 468 3134 comitatu
483 3075 628 3134 Wilhelml
644 3078 753 3135 comitis
769 3078 851 3135 Vltus
867 3094 884 3135 a
899 3076 1058 3150 Veldtburg
1073 3083 1204 3152 satrapas
1218 3079 1249 3136 in
1261 3079 1347 3137 Vian·

178 3180 235 3238 den
250 3183 280 3237 et
295 3178 456 3251 Stephanus
470 3179 596 3238 medicus
611 3198 629 3239 a
643 3179 766 3253 Bredaa,
790 3180 959 3238 Wilhclmus
980 3197 998 3238 a
1012 3175 1205 3254 Witgenstein
1225 3187 1254 3240 et
1268 3182 1347 3241 Wol-

178 3284 266 3344 radus
280 3283 357 3358 apud
372 3283 616 3357 archiepiscopum
628 3289 734 3356 praeter
745 3283 870 3356 reliquos
883 3284 990 3344 aulicos
1000 3285 1068 3344 Otto
1081 3301 1175 3345 comes
1188 3285 1347 3345 aSchaum·

179 3387 263 3463 burg,
274 3401 430 3462 germanus
447 3389 572 3465 episcopi
586 3387 835 3462 frater,Ernestus
851 3393 880 3446 et
893 3379 1080 3447 Eberhardns
1093 3392 1210 3455 comites
1222 3391 1347 3463 aSolms,

179 3495 277 3555 Simon
296 3511 314 3553 a
332 3495 437 3570 Lippla
458 3511 551 3554 comes
573 3510 606 3553 ac
621 3493 721 3552 doctor
742 3494 840 3552 Simon
863 3493 898 3551 de
919 3494 1086 3566 Montebur‚
1110 3495 1159 3568 qui
1178 3494 1349 3552 Treverensl

112 3587 117 3594 ’
179 3600 312 3672 episcopo
327 3615 344 3657 a
358 3599 504 3658 medicinis
521 3606 572 3673 est,
597 3603 687 3658 erant.
718 3597 789 3656 Mox
803 3597 891 3670 igitur
910 3613 1009 3655 mensa
1026 3604 1167 3671 apparata
1188 3603 1217 3655 et
1231 3599 1347 3671 opipare

179 3717 315 3772 pransum
331 3707 383 3774 est,
407 3703 637 3776 archiepiscopus
653 3719 684 3762 se
698 3701 805 3760 ibidem
819 3701 903 3774 longe
919 3701 1015 3775 abum,
1036 3717 1122 3773 quam
1137 3701 1275 3774 Augustae
1290 3699 1347 3760 fue·

179 3809 235 3877 rat,
258 3803 391 3876 praebuit.
429 3805 553 3876 Rogavit
573 3823 686 3879 quoque
706 3811 739 3863 ut
758 3806 928 3865 Wilhelmus
949 3821 1042 3864 comes
1065 3811 1094 3864 et
1114 3823 1167 3864 uos
1186 3807 1277 3865 ceteri
1291 3823 1347 3865 coe·

179 3921 246 3966 nam
261 3921 375 3979 quoqne
389 3922 451 3964 cum
467 3908 529 3980 ipso
544 3894 730 3982 sumeremus,
753 3910 855 3983 inquo
875 3911 918 3969 illi
936 3926 1046 3969 morem
1066 3925 1119 3969 nos
1138 3925 1272 3985 gessms
1289 3909 1349 3986 pol-

179 4010 250 4070 liciti
265 4026 372 4070 sumus.
890 4072 893 4077 .

267 4117 294 4174 A
308 4114 431 4190 prandio
446 4115 677 4191 archiepiscopus
694 4122 776 4175 extra
790 4133 885 4177 arcem
905 4135 958 4178 nos
977 4118 1080 4179 ceteris
1099 4119 1193 4194 ipsum
1212 4119 1348 4178 munitam

178 4220 254 4280 tibus
268 4222 299 4278 in
313 4226 438 4295 pontem,
463 4220 566 4281 deinde
580 4221 610 4278 in
624 4222 794 4295 pomoerium
809 4228 956 4283 vernetum
976 4223 1045 4296 ibat,
1068 4222 1117 4282 ubi
1137 4223 1220 4296 pueri
1240 4224 1348 4298 episco-

179 4322 260 4399 pales
275 4323 472 4386 saltationibus
488 4331 517 4386 et
531 4327 668 4401 palaestra
688 4343 719 4386 se
739 4343 873 4386 exercerc
891 4329 965 4402 jussi
987 4333 1060 4387 sunt.
1100 4327 1259 4402 Episcopus
1282 4344 1349 4400 quo·
