3028 4894
783 300 805 366 l

208 489 258 550 ubi
279 487 440 564 symbolum
454 485 586 548 electoris
608 485 688 546 ducis
708 484 831 546 loannis
852 481 994 546 Friderici
1014 484 1119 560 parieti
1141 485 1297 560 ascriptum
1312 485 1384 560 legi-

207 611 284 656 mus:
299 595 377 656 Tout
391 609 459 654 mon
473 607 629 666 esperancc
643 591 662 650 d
675 590 752 652 Dieu
765 591 793 651 le
807 595 868 651 tres
883 591 1024 666 puissant,
1041 606 1075 650 ac
1087 575 1291 665 subscriptum:
1305 591 1386 690 lleld

209 699 255 760 dir
276 698 348 760 Gott
365 715 418 760 aas
437 697 511 758 aller
530 695 636 772 Noitb,
653 694 754 758 Amen.
792 696 935 757 Electoris
953 701 1052 758 autem
1074 695 1233 770 symbolum
1249 698 1386 771 scripum

209 810 275 866 erat
288 820 363 866 auno
381 803 476 864 1532.
1329 820 1332 826 ·

251 919 255 928 ’
296 909 409 971 Ibidem
429 907 507 968 lama
529 905 691 982 ferebatur,
715 905 867 966 articulum
889 904 925 965 dc
946 909 1070 980 utraque
1094 907 1189 982 specie
1211 908 1385 968 sacramenti

208 1030 349 1076 consensu
368 1013 495 1075 omnium
516 1011 629 1088 imperii
644 1015 770 1072 statuum
785 1011 968 1073 conciliatum
988 1027 1066 1087 esse,
1090 1029 1125 1073 ea
1139 1018 1236 1074 umen
1249 1013 1327 1089 lege,
1350 1017 1384 1072 ut
1437 991 1442 1004 ’

209 1122 259 1197 qui
280 1135 393 1182 sacram
415 1119 539 1194 synaxin
558 1117 612 1178 sub
633 1133 692 1177 una
713 1117 809 1192 specie
831 1116 962 1192 accipere
984 1116 1067 1193 velit,
1091 1118 1213 1178 liberum
1233 1119 1275 1177 illi
1297 1116 1382 1178 foret.

208 1227 272 1286 Hoc
285 1227 311 1285 si
324 1223 432 1286 factum
446 1228 500 1298 est,
524 1227 640 1282 nostros
653 1221 711 1282 huo
724 1227 868 1296 spectasse
883 1223 1018 1299 arbitror,
1034 1229 1067 1284 ut
1081 1221 1201 1284 infirmis
1216 1229 1247 1284 et
1261 1224 1383 1283 maxime

209 1327 494 1392 exterisnationibus
509 1329 654 1403 perpiam
669 1326 817 1389 charitatis
839 1328 1080 1404 dispensationem
1100 1329 1140 1391 ad
1160 1335 1271 1404 tempus
1287 1329 1383 1388 conni-

208 1440 303 1511 veant,
326 1435 452 1510 Papistis
468 1449 537 1494 vero
552 1433 798 1509 impoenitentibus
813 1435 855 1494 ita
868 1435 1002 1494 laxentur
1015 1434 1146 1509 habena,
1163 1435 1237 1494 sicut
1252 1433 1382 1495 Christus

207 1541 247 1602 ad
266 1540 374 1602 ludam
392 1541 444 1600 ait:
469 1537 552 1614 Quod
570 1538 651 1614 facis,
674 1537 721 1598 fac
741 1540 835 1599 citius.
873 1538 954 1599 Nihil
977 1538 1054 1599 enim
1075 1539 1130 1598 nisi
1150 1539 1227 1613 qnod
1242 1555 1324 1598 suum
1338 1542 1383 1600 est
1408 1533 1412 1539 ’

209 1651 351 1721 quarunt,
374 1647 405 1705 in
423 1645 479 1706 hoc
498 1643 617 1706 subdole
635 1646 860 1721 consentientes,
890 1643 968 1720 quod
984 1647 1070 1720 iuxta
1092 1644 1199 1706 Christi
1220 1646 1382 1706 institutum

208 1750 562 1826 alitcrfierinonpotcst.
1335 1766 1337 1772 ·

296 1857 376 1919 Nota
389 1856 426 1918 de
440 1858 545 1918 nuncio
561 1854 711 1917 Oattorum
724 1857 862 1934 principis
877 1857 926 1932 qui
946 1872 999 1917 nos
1020 1855 1074 1916 sub
1094 1871 1243 1931 vesperam
1265 1873 1299 1918 ιο
1314 1873 1381 1918 ven·
1408 1899 1414 1910 ,

208 1971 289 2026 turos
305 1963 427 2025 dixerat.

215 2083 216 2090 ¹
296 2069 326 2142 xj
346 2067 455 2142 Aprilis
474 2066 638 2128 Forcbemii
653 2067 801 2142 jentaculo
816 2071 929 2144 sumpto
944 2067 1154 2144 Norinbergam
1174 2067 1379 2128 contendimus.

207 2174 317 2237 Adesto
331 2174 428 2249 nobis,
453 2174 502 2248 qui
516 2174 610 2249 pascis
625 2174 704 2234 velut
719 2189 801 2236 ovem
815 2173 916 2236 Jacob.
1175 2174 1177 2180 ’

192 2310 195 2314 >
295 2279 405 2340 Eadem
419 2279 534 2338 circiter
548 2279 672 2354 primam
686 2280 770 2354 parvi
783 2280 926 2354 horologii
941 2279 1151 2354 Norinbergam
1171 2278 1308 2354 venimus,
1331 2279 1380 2340 nbi

205 2385 329 2461 primum
350 2384 482 2446 Krelinm
500 2385 643 2459 hospitam
663 2385 828 2461 alloquens,
856 2401 892 2444 ex
913 2401 948 2445 co
969 2386 1129 2444 sciscitatus
1148 2401 1224 2458 sum,
1248 2401 1380 2457 quaenam

206 2506 242 2549 ex
256 2506 302 2550 me
316 2490 431 2550 sinistre
445 2490 476 2548 iu
492 2487 636 2550 Caesarem
650 2488 727 2549 dicta
742 2490 939 2565 superioribus
953 2490 1045 2562 annis,
1069 2505 1133 2548 cum
1147 2489 1178 2547 in
1192 2486 1302 2547 aedibus
1320 2490 1379 2547 suis

206 2594 377 2670 diversarer,
393 2593 559 2655 audivisset.
590 2594 619 2653 Is
634 2599 786 2669 persancte
800 2597 831 2654 iu
845 2595 1000 2670 praesentia
1015 2591 1135 2653 Joannie
1149 2590 1248 2652 fratris
1260 2591 1378 2666 juravit,

206 2716 237 2760 se
251 2700 324 2761 nibil
338 2699 417 2776 quod
430 2698 598 2774 imperatori
614 2714 766 2762 onerosum
781 2715 844 2760 esse
863 2701 971 2774 posset,
994 2697 1146 2758 audivisse.
1182 2695 1265 2770 Quod
1285 2702 1315 2757 ιι
1333 2697 1377 2772 ip·

205 2821 269 2866 sum
287 2810 318 2866 et
335 2806 440 2881 hospes
460 2803 622 2864 Forchemii
642 2808 764 2864 testatus
786 2808 838 2863 est.
874 2803 988 2863 Deinde
1006 2801 1043 2863 de
1065 2801 1172 2862 domini
1191 2802 1251 2862 viti
1265 2803 1376 2862 valetu-

204 2909 272 2971 dine
285 2909 379 2986 ipsum
399 2909 647 2985 interrogavimus,
672 2913 755 2982 quem
774 2908 816 2969 ita
835 2908 969 2991 podagra
988 2908 1090 2983 teucri,
1114 2924 1151 2968 ne
1171 2907 1256 2968 domo
1278 2908 1378 2984 egredi

204 3019 311 3090 posset,
335 3015 441 3090 accepi.
473 3013 634 3088 Assumptis
654 3014 767 3076 Joanne
782 3012 887 3090 bane,
911 3013 1024 3074 Joanne
1038 3013 1206 3089 Milcblingo
1218 3014 1334 3088 juniore
1348 3019 1378 3075 ιι

204 3117 344 3194 Admana,
366 3119 464 3180 Vitam
486 3120 563 3181 domi
582 3135 643 3178 suae
662 3119 768 3195 inviso,
793 3135 856 3180 cum
877 3119 928 3180 illo
948 3119 1082 3180 brevibus
1104 3120 1194 3190 multa
1216 3118 1375 3196 conferens,

204 3239 323 3284 uxorem
338 3225 400 3300 ejus
416 3229 539 3300 quatuor
553 3225 651 3284 aureis
666 3225 751 3286 dono.
781 3225 828 3284 Ex
841 3223 898 3286 boc
910 3225 1018 3284 curtim
1036 3222 1129 3284 iactus
1149 3240 1212 3282 sum
1232 3224 1269 3284 de
1283 3228 1377 3285 morte

203 3327 323 3388 loannis
343 3328 498 3390 Pomerani
516 3330 637 3405 parochi
654 3329 878 3403 uitebcrgeusie,
903 3330 951 3403 qui
966 3331 997 3388 in
1016 3329 1140 3405 propriis
1161 3329 1270 3390 aedibus
1284 3329 1376 3405 gradu

203 3431 339 3493 demicus
358 3449 439 3494 snam
459 3435 548 3494 vitam
566 3431 671 3510 linivit,
699 3435 818 3496 meliore
838 3450 914 3494 nuuc
933 3435 1048 3509 auspice
1069 3432 1184 3494 Christo
1204 3451 1269 3494 cum
1287 3436 1376 3494 omni·

202 3537 257 3599 bus
273 3539 378 3599 mactis
392 3537 501 3600 fruens.
561 3543 564 3550 ’

290 3643 370 3704 Nota
384 3644 421 3705 de
440 3645 532 3706 literis
552 3645 718 3720 interceptis
736 3643 797 3705 viti
816 3647 846 3703 ιι
865 3641 998 3703 Osiandri
1019 3641 1058 3703 ad
1077 3642 1237 3718 Bromium,
1261 3647 1291 3704 et
1309 3643 1376 3704 Phi·

202 3748 274 3823 h'ppi
287 3747 326 3810 ad
340 3748 447 3824 Vitum,
471 3766 535 3824 qnae
551 3754 580 3812 ιι
594 3748 633 3811 ad
646 3749 791 3810 Gaesarem
806 3748 909 3810 delatae
925 3749 1010 3822 sunt,¹
1023 3754 1053 3810 et
1068 3748 1212 3810 Theodori
1226 3749 1376 3811 literarum

201 3859 400 3929 argumentum
418 3856 530 3915 senatui
549 3855 648 3916 norico
662 3855 789 3930 mhsum,
812 3855 871 3930 qm,
892 3870 930 3914 ne
944 3855 1027 3916 Vltus
1041 3856 1252 3931 molestaretur,
1274 3856 1377 3930 viginti

201 3959 290 4020 millia
304 3974 458 4020 aureorum
473 3958 581 4020 Caesari
595 3964 792 4020 numerarunt.
823 3959 962 4020 Narravit
976 3962 1046 4023 item
1059 3962 1143 4022 Vltus
1158 3961 1241 4022 nobis
1257 3963 1293 4023 dc
1307 3960 1376 4036 fuga

200 4063 322 4154 Brentii,
337 4079 402 4124 cum
416 4065 497 4126 miles
512 4065 677 4140 hispanicus
691 4067 722 4126 iu
735 4065 841 4126 Halam
856 4065 967 4126 Sueviae
982 4067 1118 4140 irrueret,
1135 4071 1165 4125 et
1180 4067 1257 4143 quod
1271 4067 1373 4141 literae,

201 4186 272 4244 quas
290 4168 426 4230 Brentius
445 4171 476 4230 in
495 4172 620 4232 triclinio
639 4172 744 4233 oblitus
764 4176 841 4246 erat,
865 4172 988 4247 primum
1008 4170 1047 4232 ad
1061 4171 1248 4236 Malvendam
1270 4173 1374 4233 delatae

202 4277 308 4348 essent,
332 4279 363 4336 ιι
381 4275 458 4349 quod
476 4276 525 4336 vix
543 4293 616 4337 mnus
636 4295 673 4338 ex
694 4275 801 4338 civibus
822 4275 906 4336 Halae
925 4280 1058 4351 repertus
1079 4277 1125 4352 sit,
1149 4279 1197 4352 qui
1213 4293 1330 4338 uxorem
1346 4283 1374 4338 et

201 4377 307 4440 llberos
327 4377 439 4442 Brentii
458 4381 584 4459 hospitio
605 4385 739 4461 excipere
760 4383 938 4461 dignaretur.
976 4382 1049 4444 Item
1068 4383 1105 4446 dc
1123 4389 1216 4444 morte
1236 4381 1373 4446 Hoffmei·
