2940 4900
120 461 251 540 iapfflcm
271 463 385 524 lamam
405 467 435 524 iu
455 471 541 539 caput
563 465 669 536 anguli.
700 465 740 522 Et
759 464 836 538 quod
851 463 936 522 modo
950 460 1046 522 tacere
1061 479 1158 540 cogor,
1180 473 1305 540 rogote,

120 586 156 628 ne
177 570 250 627 mihi
273 571 307 628 in
327 574 480 643 peccatum
500 573 620 642 statuas,
644 567 696 626 sed
716 567 861 626 intercede
882 583 937 641 pro
958 584 1004 626 me
1024 570 1101 640 apud
1120 576 1231 642 patrem
1252 571 1306 631 tibi

118 673 190 732 nibil
206 679 399 750 negaturum,
423 681 456 732 ut
470 673 613 732 mandatis
629 673 669 730 eis
688 665 698 706 ²
714 672 863 730 adhaerere
882 672 999 746 possim,
1024 677 1054 730 et
1072 689 1117 732 me
1138 676 1240 747 spiritu
1255 681 1305 735 tuo

116 784 220 836 sancto
237 777 319 853 iove,
343 781 392 852 qui
407 780 478 837 vivis
495 782 523 836 et
538 791 643 850 regnas
657 791 721 834 cum
736 775 835 834 eodem
850 776 914 834 Deo
930 781 1012 848 patre
1027 781 1056 834 et
1070 793 1094 836 s
1106 779 1213 851 ,spiritu
1228 779 1306 838 Deus

117 881 212 940 trinus
229 888 262 940 et
277 900 358 942 unus
374 900 392 941 a
407 883 547 956 principio
563 885 592 939 ct
606 897 682 938 nunc
697 887 726 938 et
740 897 862 954 semper.

208 986 241 1042 ix
260 987 350 1047 Junii
373 990 402 1046 in
422 987 530 1062 tcnmlo
552 986 698 1044 Mincium
718 984 748 1044 d.
767 985 895 1044 loannes
915 985 1057 1044 Honrious
1078 1001 1113 1044 ex
1134 1001 1196 1059 cap.
1221 991 1235 1044 1
1253 988 1305 1046 Jo-

116 1090 203 1147 anuis
219 1093 241 1148 2
259 1092 330 1150 haec
345 1091 436 1150 verba
450 1093 534 1164 legit:
562 1090 619 1148 «Et
633 1106 687 1163 per
700 1090 755 1146 hoc
775 1089 878 1147 scimus
894 1091 971 1162 quod
986 1091 1168 1164 cognovimus
1183 1107 1257 1163 eum,
1281 1094 1306 1154 sl

116 1192 200 1264 ,iussa
214 1194 299 1254 illius
320 1197 519 1267 observemus
543 1196 593 1268 qui
613 1194 690 1267 dicit,
713 1195 780 1252 novi
800 1211 865 1252 eum
886 1199 916 1252 et
935 1201 1082 1270 precepta
1096 1196 1158 1268 ejus
1172 1213 1229 1255 uon
1244 1211 1305 1254 ser·

120 1301 178 1370 rat,
202 1299 339 1359 mendax
354 1307 398 1358 est
413 1306 442 1358 et
457 1300 487 1357 in
498 1315 538 1356 ao
553 1299 660 1356 veritas
675 1314 734 1356 non
746 1303 812 1356 cst«
829 1303 884 1356 etc.
915 1299 1006 1370 Haec,
1018 1298 1120 1372 inquit,
1143 1297 1232 1358 verba
1247 1317 1305 1358 ma·

121 1401 190 1458 ximi
205 1408 281 1460 sunt
295 1403 444 1478 ponderis,
468 1418 531 1478 quae
547 1403 613 1462 licet
629 1402 665 1461 ob
686 1402 824 1474 temporis
843 1401 1021 1475 brevitatem,
1044 1401 1093 1460 vix
1113 1403 1190 1460 euim
1204 1409 1308 1474 quarta

120 1521 190 1576 pars
209 1507 331 1566 horulae
352 1507 435 1566 nobis
451 1511 596 1580 superest,
620 1504 767 1564 commode
787 1505 1017 1578 explanarenec
1036 1505 1189 1578 possimus,
1212 1513 1308 1566 tanum

124 1612 225 1682 paucis
242 1613 437 1671 excutiemus.
466 1611 521 1670 Est
540 1612 615 1670 enim
636 1611 718 1683 quasi
738 1625 847 1667 summa
868 1610 956 1668 totius
971 1609 1013 1668 rei
1028 1609 1199 1682 christiana,
1224 1628 1307 1684 quam

124 1712 171 1770 hic
185 1719 342 1788 apostolus
358 1723 387 1774 et
402 1717 578 1790 evangelista
592 1715 720 1773 Joannos
737 1714 841 1785 tribus,
864 1720 897 1774 ut
916 1716 1005 1788 aium,
1029 1714 1125 1774 ambis
1145 1717 1308 1792 complexus

121 1823 178 1876 est
208 1819 264 1879 Ait
280 1821 366 1895 euim,
387 1821 420 1878 iu
435 1821 488 1880 hoc
499 1819 701 1894 cognoscimur
720 1823 774 1876 etc.
804 1819 903 1878 Facile
925 1819 1000 1878 enim
1021 1825 1073 1895 cst,
1097 1825 1130 1879 ut
1149 1822 1239 1895 ajunt,
1264 1819 1306 1878 di·

125 1935 191 1979 cere
206 1939 240 1981 se
256 1925 456 1998 christianum,
480 1923 531 1982 sed
547 1925 595 1998 qui
616 1923 701 1982 fidem
721 1923 752 1980 iu
772 1921 916 1982 Christum
934 1923 1034 1984 desum
1055 1925 1146 1984 solam
1166 1927 1308 1984 collocare

127 2030 157 2083 et
176 2029 320 2087 mandata
341 2029 402 2101 ejus
424 2028 579 2087 observare
602 2028 691 2086 velint
712 2027 887 2102 paucissimi,
912 2027 943 2085 in
965 2028 1020 2086 boc
1038 2037 1161 2102 peccaut
1178 2036 1237 2088 tam
1259 2032 1308 2102 qai

126 2134 283 2204 evaugelio
299 2133 449 2192 adhaerere
464 2131 557 2190 rideri
571 2129 679 2206 ictum,
703 2148 789 2205 quam
803 2133 924 2204 papistae
939 2132 1084 2191 hominum
1103 2149 1193 2208 genus
1211 2136 1308 2192 omerio

128 2235 338 2296 traditionibus
352 2234 483 2295 humanis
498 2233 711 2294 confundentes.
741 2235 792 2294 nit
811 2242 906 2294 autem
927 2251 950 2294 s.
970 2237 1126 2310 apostolus,
1148 2240 1174 2296 si
1195 2245 1308 2312 praepta

126 2337 190 2410 cjrm
212 2342 439 2414 servaverimus,
463 2357 528 2400 non·
543 2340 693 2414 cuiuslibet
706 2339 861 2414 praecepta,
885 2338 936 2397 sed
954 2341 1025 2414 eius,
1049 2340 1215 2413 cnjusuam?
1245 2342 1305 2399 Dc·

127 2443 199 2500 mini
214 2447 327 2503 scilicet
340 2445 504 2504 liberatoris
520 2449 549 2502 et
569 2445 724 2502 servatoris
739 2445 831 2502 nostri
844 2443 916 2500 Jesu
931 2440 1046 2502 Christi.
1077 2441 1107 2502 Si
1126 2445 1190 2516 quis
1210 2451 1306 2503 autem

14 2559 15 2562 ’
128 2556 279 2624 praecepta
294 2551 413 2623 alicujus
428 2565 544 2607 servare
559 2547 670 2619 debeat,
685 2547 710 2604 is
725 2561 841 2604 necesse
857 2545 951 2619 habet,
976 2551 1008 2604 ut
1022 2546 1102 2618 prius
1117 2562 1152 2605 ce
1166 2553 1197 2606 et
1210 2547 1307 2606 audiat
1413 2565 1416 2571 ·

14 2655 15 2658 ’
130 2656 161 2710 et
179 2655 322 2713 addiscat.
360 2653 416 2725 Qui
436 2655 511 2712 enim
533 2667 632 2710 servus
652 2653 829 2724 praeceptum
851 2649 957 2708 domini
980 2655 1150 2724 exequetur,
1174 2652 1204 2708 ni
1226 2652 1306 2724 prius

12 2832 13 2843 ἵ
130 2753 253 2816 edoctus
276 2757 378 2830 fuerit,
403 2758 488 2830 quale
511 2759 547 2814 sit
568 2759 758 2830 praeceptum,
788 2752 865 2825 quod
890 2753 976 2810 herus
1000 2770 1063 2811 euni
1091 2771 1206 2814 servare
1228 2757 1305 2815 velit.

132 2856 173 2918 Ut
194 2861 259 2921 haec
281 2868 376 2920 autem
398 2861 608 2936 perdiscamus,
639 2858 741 2934 auditu¹
761 2857 901 2932 evangelii
923 2863 953 2915 et
975 2857 1203 2931 frequentatione
1226 2859 1307 2918 verbi

11 3028 13 3051 γ
131 2964 216 3024 uobis
242 2983 315 3040 opus
339 2972 390 3025 est.
428 2966 571 3036 Praecepit
592 2968 687 3022 autem
710 2963 853 3035 Christus,
877 2967 910 3019 ut
930 2961 1111 3036 diligeremus
1132 2979 1210 3038 eum,
1233 2965 1308 3022 sicut

12 3059 13 3071 ¹
135 3067 197 3140 ipse
220 3071 322 3128 dilexit
345 3085 406 3144 noa,
432 3074 461 3128 et
480 3070 509 3126 in
521 3069 679 3128 dilectione
700 3067 761 3140 eius
781 3081 1020 3142 permaueremus,
1043 3079 1101 3126 non
1121 3068 1160 3126 ad
1179 3068 1305 3142 biduum,

132 3173 263 3232 triduum
294 3174 341 3232 sel
364 3173 402 3232 ad
424 3178 560 3230 semestre
584 3177 711 3246 tempus,
740 3171 791 3230 sed
818 3171 969 3244 usquead
998 3169 1082 3230 finem
1107 3189 1305 3245 perseverare·

136 3289 211 3350 urns3
236 3278 278 3335 ait
298 3294 413 3349 quoquc
432 3278 554 3334 amicum
574 3278 605 3335 in
620 3277 790 3335 necessitate
812 3280 841 3333 et
861 3279 952 3334 morte
972 3276 1104 3348 cognosci
1121 3277 1205 3348 juxta
1224 3281 1306 3333 vetus

137 3376 345 3438 Germanorum
368 3381 484 3439 dictum:
515 3381 644 3438 Frcundt
668 3382 698 3438 in
719 3380 772 3438 der
793 3379 886 3450 Noht,
910 3379 1040 3437 Freundt
1061 3381 1112 3434 inn
1135 3379 1199 3435 dem
1222 3377 1305 3450 Todt,

136 3481 268 3542 Freundt
286 3485 388 3544 hindar
401 3464 510 3555 Ruclre,
536 3485 586 3542 das
606 3487 644 3543 ist
664 3486 730 3542 einn
748 3481 821 3540 festo
835 3482 958 3552 Bruclrc,
983 3480 1125 3537 adducens
1148 3477 1307 3550 exemplum

137 3585 223 3662 Hiob,
248 3605 332 3660 quem
347 3605 444 3649 omues
460 3589 543 3646 amici
558 3589 587 3645 in
602 3587 772 3668 necessitato
786 3585 973 3656 reliquerunt,
997 3597 1060 3639 cum
1080 3581 1151 3641 alias
1172 3581 1248 3658 domi
1264 3581 1306 3639 di·

139 3693 213 3751 vitiis
230 3691 362 3751 afflueret
376 3693 502 3764 undique
517 3693 639 3764 stipatus
652 3689 750 3748 amicis
763 3685 848 3744 foret
871 3685 911 3743 Et
923 3685 1000 3758 quid,
1015 3685 1118 3758 inquit,
1131 3702 1183 3745 nos
1196 3687 1307 3760 experti

135 3807 235 3853 sumus
255 3796 310 3854 hoc
331 3812 392 3854 reso
416 3801 445 3854 et
464 3795 561 3854 enno?
591 3790 760 3864 Numquid?
784 3791 851 3848 dum
870 3807 917 3848 res
936 3790 1016 3849 nobis
1036 3795 1204 3850 coruscante
1224 3807 1308 3850 evan·

140 3901 206 3969 gelii
220 3900 284 3958 luce
298 3916 334 3957 cx
348 3901 422 3958 votis
438 3900 581 3972 cederent,
598 3907 695 3956 omnes
710 3897 792 3954 nobis
806 3896 912 3968 passim
923 3896 1206 3970 congratulabantur.
1229 3896 1308 3955 Deus

141 3998 223 4075 bone,
247 4005 361 4076 quantis
376 4003 508 4076 tripudiis
522 4001 719 4074 gloriabantur
734 3998 769 4058 de
785 3999 1030 4059 confoederatione
1050 3999 1165 4058 foederis
1185 4014 1306 4072 evange-

141 4103 185 4164 lici
201 4107 237 4166 de
252 4109 414 4168 civitatibus
430 4113 459 4166 et
474 4107 659 4181 principibus,
682 4106 731 4177 qui
745 4104 798 4163 soli
821 4091 981 4164 sustentare
1003 4103 1161 4162 doctrinam
1181 4101 1308 4159 veritatis

721 4236 735 4270 *

214 4322 334 4387 icius?
