2940 4900
753 319 817 386 tta

193 507 266 566 ahos
280 521 410 579 qurerero
424 510 533 580 praeter
548 519 597 564 eos
612 519 685 578 quos
699 503 779 562 Deus
790 501 910 576 jusserit
924 501 1026 575 cultus,
1040 503 1064 561 si
1079 507 1226 578 pastorem
1240 507 1353 562 nostum
1439 571 1440 592 ,

194 617 224 672 et
245 612 331 670 vitem
351 626 449 670 veram
472 609 615 668 Christum
637 625 694 669 non
716 607 931 682 agnoverimus,
955 607 980 664 si
1002 624 1060 667 non
1079 608 1168 681 juxta
1188 607 1271 680 hujus
1291 621 1354 680 prae·
1439 607 1441 658 ἵ

196 716 320 788 ceptoris
339 716 469 789 regulam
487 716 565 788 juste
588 717 617 772 et
638 714 685 787 pie
711 715 807 773 vivero
829 712 1024 774 voluerimus?
1061 713 1131 773 Non
1155 713 1244 784 enim,
1267 711 1355 783 iuquit,
1440 775 1441 782 ἶ

194 822 296 895 rehqio
311 820 467 880 christiana
481 820 511 877 in
532 820 623 878 cereis
642 818 810 878 ardentibus
830 823 860 878 et
878 817 974 877 neseio
995 818 1116 892 quibus,
1135 823 1169 877 ιιι
1189 833 1264 877 nune
1280 816 1357 888 digia·
1440 791 1441 802 ἵ

196 928 321 998 diantur,
344 925 525 997 ceremoniis,
550 924 730 983 unctionibus
752 928 782 982 et
803 924 866 996 ejus
885 939 958 982 cerae
973 921 1102 990 futilibus
1127 928 1158 1008 et
1180 921 1283 982 nullius
1301 935 1358 978 usus
1442 911 1443 918 '

195 1033 291 1105 rebus,
315 1035 366 1112 aut
380 1029 438 1090 aris
452 1028 539 1101 bysso
554 1033 584 1086 et
598 1044 727 1102 purpura
743 1027 883 1088 disdnotis
902 1043 937 1087 ac
955 1029 1031 1088 uasis
1050 1029 1160 1102 aureis,
1185 1025 1323 1101 argenteis
1336 1029 1360 1082 et

197 1136 344 1195 deauratis
358 1135 414 1192 sita
434 1139 486 1192 est.
517 1133 591 1192 Nam
611 1131 713 1192 sibae
732 1134 771 1194 ad
790 1135 958 1208 religionem
976 1130 1115 1207 iacerent,
1142 1133 1302 1192 habuerunt
1318 1129 1360 1188 Ju-

198 1241 254 1300 deei
268 1240 357 1300 multo
372 1240 457 1314 plura
471 1238 508 1298 de
522 1238 567 1298 his
582 1237 678 1312 rebus,
702 1255 788 1312 quem
803 1239 904 1312 nosti,
929 1244 958 1298 et
977 1238 1179 1299 Mahometani
1193 1238 1278 1310 louge
1292 1249 1360 1305 auro,
1443 1309 1444 1320 ἵ

197 1348 294 1420 bysso,
317 1361 455 1420 purpura,
479 1347 610 1418 argento,
632 1344 784 1404 unionibus
800 1348 831 1404 et
843 1344 960 1418 gemmis
974 1345 1005 1403 in
1023 1361 1075 1404 suo
1089 1342 1281 1404 mahometica
1294 1338 1362 1397 cultu

197 1469 251 1512 nos
265 1455 412 1527 superant.
442 1448 506 1508 Nee
523 1448 686 1522 hujusmodi
706 1450 808 1508 naenire
827 1448 874 1508 vel
893 1450 931 1509 ad
950 1449 1100 1508 verimtem
1122 1449 1308 1508 christianam
1325 1441 1362 1499 val

198 1557 235 1617 ad
249 1556 397 1630 religionis
412 1554 561 1627 negocium
576 1553 731 1628 quidquam
749 1553 867 1628 iaciunt.
898 1555 1005 1613 Verum
1026 1555 1050 1612 si
1071 1554 1109 1614 ad
1124 1554 1223 1614 Deum
1241 1553 1361 1610 muscan-
1444 1620 1445 1639 Χ

200 1661 267 1721 dum
281 1658 367 1724 fidem
388 1658 578 1718 indubitatam
593 1663 622 1718 et
641 1658 811 1718 charitatem
831 1675 901 1734 erga
918 1659 1011 1720 Deum
1031 1665 1060 1720 et
1079 1659 1244 1733 proximum
1264 1653 1363 1716 adlcra

199 1780 262 1823 mus
276 1759 555 1822 imicissimorum
576 1763 691 1835 bonum,
716 1780 773 1837 quo
792 1764 883 1839 patris
905 1765 1046 1839 voluntas,
1070 1782 1136 1838 quae
1156 1781 1212 1840 per
1232 1761 1363 1822 Christum

199 1869 282 1930 nobis
297 1866 443 1942 patefacte
462 1873 515 1941 est,
539 1872 705 1942 peragatur,
728 1875 762 1928 ut
780 1867 845 1930 Deo
865 1870 993 1930 innubis
1013 1887 1066 1944 per
1081 1869 1300 1940 chosronem
1312 1862 1363 1935 ylo

199 1976 244 2035 ria
258 1973 398 2048 obtingat,
421 1977 462 2045 ut,
485 1972 580 2044 inquit
593 1971 735 2046 dominus,
760 1971 922 2034 efficiamini
937 1974 1070 2048 discipuli
1084 1976 1150 2034 mei.
1183 1965 1364 2046 Quadisque

200 2077 364 2168 Musonius,
387 2057 450 2134 heae
474 2073 529 2134 sibi
547 2075 640 2136 rerba
662 2077 782 2138 volunt?
818 2079 979 2154 Numquid,
1003 2079 1041 2138 ad
1063 2094 1136 2153 quos
1160 2078 1291 2139 dominus
1312 2072 1363 2129 baec

200 2183 288 2242 verba
310 2181 490 2255 loquebatur,
514 2181 576 2254 ejus
598 2186 682 2242 erant
704 2182 855 2256 discipuli?
886 2183 980 2244 Erant
1000 2181 1140 2258 profecto.
1177 2181 1254 2242 Nam
1274 2179 1308 2238 de
1326 2174 1363 2232 bis

200 2287 284 2348 dixit:
303 2287 386 2362 «Ego
401 2303 453 2346 uos
468 2286 550 2360 elegi,
566 2301 617 2346 vos
632 2292 732 2346 autem
741 2303 788 2347 me
803 2305 861 2350 non
876 2289 1034 2363 elegistis«
1066 2289 1152 2348 ltem:
1175 2284 1253 2348 «yos
1267 2278 1362 2342 socoth

200 2410 245 2454 me
260 2394 428 2468 magistrum
443 2398 474 2452 et
488 2392 641 2468 domiuum,
665 2398 695 2452 et
708 2399 786 2453 recte
802 2393 906 2468 dicitis,
922 2409 985 2454 sum
999 2395 1123 2454 etenim«
1143 2399 1198 2454 ete.
1231 2389 1322 2456 Certo,
1343 2381 1364 2439 si
1446 2400 1447 2419 ¹

200 2501 241 2558 sic
264 2515 295 2559 se
317 2515 365 2557 res
386 2499 487 2572 habet,
512 2513 610 2558 omnes
633 2498 765 2574 discipuli
788 2499 894 2559 Christi
918 2504 1010 2560 erant.
1047 2500 1121 2558 Erat
1145 2512 1261 2573 quoque
1283 2487 1363 2552 Judtl

199 2605 372 2664 ischariotes
388 2604 544 2680 discipulus
559 2604 667 2664 domini
681 2611 734 2664 oto.
766 2604 823 2664 Sed
837 2605 862 2662 si
876 2605 934 2664 alia
949 2607 993 2663 est
1007 2605 1092 2678 ratio,
1116 2604 1199 2677 quod
1219 2601 1269 2674 ait,
1292 2591 1364 2654 disti·

201 2711 262 2784 puh
280 2711 336 2768 mei
357 2707 509 2782 efficimini,
533 2708 588 2768 hoc
607 2714 659 2784 ost,
683 2709 816 2784 palmites
836 2711 866 2768 in
887 2710 944 2768 vite
964 2715 1138 2784 permanete,
1161 2708 1287 2768 hactum
1299 2698 1363 2758 ierit
1447 2729 1448 2740 ι

201 2819 256 2874 etc.
294 2813 334 2873 Et
355 2815 451 2874 multis
472 2814 520 2872 hic
541 2814 577 2873 de
599 2813 761 2874 discrimine
785 2815 988 2888 discipulorum
1009 2813 1119 2889 docuit,
1143 2813 1181 2872 de
1193 2813 1239 2870 ¹iis
1259 2803 1362 2869 sciret

200 2920 294 2992 quiin
309 2935 382 2992 pura
397 2918 528 2977 doctrina
544 2917 650 2978 Christi
668 2926 839 2997 permanent
856 2905 893 2980 et*
906 2920 1055 2982 veritatem
1070 2919 1265 2992 evangelicam
1278 2905 1364 2972 amant

200 3040 235 3082 ec
250 3038 337 3096 opere
351 3024 469 3096 implere
489 3028 638 3096 conentur,
662 3029 692 3083 et
711 3025 747 3084 de
767 3027 811 3099 iis,
836 3027 884 3098 qui
903 3027 1009 3100 optime
1023 3025 1138 3098 quidem
1158 3023 1197 3084 de
1216 3011 1363 3087 Evffl80¹i⁰

200 3126 379 3201 fabulantur,
402 3127 455 3187 sed
478 3126 643 3201 impiissime
665 3129 805 3189 victitant.
843 3131 915 3190 Item
938 3130 975 3190 de
999 3129 1123 3203 Papistis
1147 3133 1176 3188 et
1201 3115 1363 3188 aduersariis

201 3231 291 3306 verbi,
315 3233 384 3290 item
399 3233 435 3292 de
453 3232 540 3292 variis
560 3232 736 3314 respectibus
755 3236 786 3293 in
802 3233 955 3310 Christum,
978 3241 1009 3294 et
1028 3233 1171 3307 quomodo
1184 3232 1236 3293 alii
1251 3219 1362 3289 eliudiss

201 3336 314 3398 Christo
336 3342 481 3413 quaerant,
505 3339 555 3398 alii
576 3353 629 3397 sue
649 3339 811 3413 oomqua,
835 3342 883 3399 alii
905 3342 1043 3414 honores,
1067 3339 1118 3398 alii
1138 3339 1318 3400 autoritatem
1338 3325 1363 3382 el

199 3461 259 3504 sue
281 3446 475 3520 sycophantia
496 3445 674 3520 operculum,
698 3450 727 3505 et
740 3453 885 3520 postremo
906 3445 991 3504 dixit:
1015 3446 1056 3504 Et
1074 3443 1144 3518 quid
1157 3439 1276 3522 aarum?
1302 3433 1361 3516 Μ]

200 3555 245 3610 est
259 3552 290 3609 in
305 3551 445 3612 universis
461 3547 607 3612 sanctitas.
638 3550 782 3626 Utrinque
803 3569 839 3612 ex
859 3551 937 3610 omni
956 3555 1040 3624 parte
1059 3551 1186 3624 quotidie
1205 3547 1286 3610 nobis
1299 3535 1361 3614 ipsis

200 3657 315 3730 pejores
330 3657 485 3716 evadimus.
516 3658 699 3733 Quapropter
717 3660 805 3718 vitain
825 3656 1005 3716 emendemus
1021 3659 1050 3715 et
1070 3671 1202 3729 rogamus
1217 3651 1359 3715 domnum,

199 3764 231 3817 ut
245 3760 387 3832 propitius
409 3779 461 3821 nos
482 3768 640 3835 convertat,
664 3777 721 3835 quo
739 3765 770 3821 in
790 3764 847 3825 vite
861 3770 936 3822 uera
954 3760 1064 3820 fructus
1085 3761 1189 3820 uberes
1208 3759 1282 3820 farre
1296 3761 1359 3824 1³⁰¹·

200 3863 297 3921 simus.
328 3863 401 3922 Item
416 3864 493 3937 quod
511 3869 607 3924 textus
626 3866 726 3926 hahet:
751 3868 832 3928 Sicut
850 3865 949 3926 dilexit
967 3883 1013 3925 ms
1027 3871 1110 3939 pater
1126 3870 1191 3939 etc,
1214 3863 1245 3924 id
1257 3847 1359 3920 amasi

199 3968 331 4030 uideatur
351 3969 381 4027 in
401 3969 549 4043 praeterito
569 3969 683 4043 dictum,
707 3978 804 4032 umen
822 3973 972 4046 presentis
990 3971 1069 4032 modi
1082 3971 1129 4030 bic
1148 3971 1239 4045 accipi
1254 3962 1359 4027 demit

199 4081 287 4150 atque
308 4076 363 4134 hoe
385 4072 421 4134 de
444 4074 606 4133 hebraismo
628 4080 658 4134 et
680 4076 780 4149 phrasi
801 4076 937 4137 hebraica
960 4077 1108 4151 disseruit,
1135 4079 1256 4137 innuens
1276 4069 1359 4130 Deum

199 4187 310 4254 patrem
325 4196 439 4256 semper
453 4179 542 4238 lilium
558 4180 686 4254 diligere,
710 4181 750 4238 sic
766 4185 796 4238 et
811 4181 954 4243 Oinistnm
969 4198 1045 4256 suos,
1067 4183 1091 4244 si
1107 4184 1137 4242 in
1152 4175 1359 4242 dilectorem

201 4289 421 4360 permanserint,
446 4301 558 4359 semper
573 4289 672 4345 amare
688 4291 740 4346 ete.

288 4390 396 4450 Eadem
415 4391 635 4466 landtgraviam,
660 4407 723 4466 quae
744 4391 882 4467 perendie
901 4391 969 4454 hino
990 4391 1156 4468 proiectura
1177 4398 1249 4468 erat,
1271 4377 1356 4448 inrid-
