3028 4894
779 259 823 326 64

218 445 254 506 de
269 460 302 504 eo
317 450 486 518 metuamus,
503 444 554 504 sed
569 445 711 506 constanti
726 441 783 504 dds
797 443 828 502 in
840 439 953 502 Christo
968 441 1084 502 diabolo
1098 407 1277 502 rmistamua.
1306 439 1382 511 Item,

217 550 253 610 de
268 565 312 622 eo,
328 550 406 625 quod
421 549 550 610 Christus
565 550 689 610 dixerat:
709 547 787 608 »Sed
801 553 833 607 ut
846 547 968 608 mundus
984 551 1145 623 cognoscat,
1163 546 1244 620 quod
1258 561 1310 620 ego
1325 543 1382 604 diii-

217 661 440 729 compatrem«,
461 657 547 729 jussit
562 659 592 714 et
607 669 658 714 nos
673 654 803 714 similiter
824 655 963 714 animatos
984 670 1056 714 esse.
1085 653 1114 713 Si
1134 654 1179 712 ita
1194 651 1310 712 domino
1328 647 1383 722 piu·

217 761 305 821 citum
318 759 415 833 fuerit,
438 765 472 820 ut
490 776 603 820 crucem
623 758 756 832 ieramus,
780 759 880 820 demus
901 774 1027 832 operam,
1052 758 1206 818 unanimo
1228 760 1384 815 consterne-
1478 757 1479 760 ’

217 883 289 938 mur,
313 866 365 925 sed
379 864 437 924 fide
451 866 539 924 erecti
554 879 606 924 nos
620 865 692 926 tales
708 863 897 941 praebeamus,
921 865 971 938 qui
990 864 1086 925 omnia
1105 868 1134 924 et
1153 860 1254 922 iacere
1274 865 1304 919 et
1316 857 1386 917 ferre

217 971 376 1046 cupiamus,
401 985 458 1042 quo
479 969 586 1031 mundo
607 975 743 1030 testatum
764 967 829 1042 fiat,
852 985 905 1030 nos
930 974 961 1028 et
983 969 1067 1036 huna¹
1080 968 1227 1029 dominnm
1247 979 1343 1026 amare
1362 967 1388 1020 et

218 1077 279 1149 ejus
295 1075 390 1148 gratia
406 1075 510 1146 omniu,
535 1090 598 1148 quae
613 1075 690 1136 illiue
705 1076 826 1150 gloriam
841 1080 1026 1148 concernunt,
1050 1077 1162 1149 perpeti
1182 1071 1386 1148 paratissimos.

218 1179 302 1252 Nom,
325 1180 426 1253 inquit,
451 1180 528 1252 siis,
553 1181 600 1254 qui
620 1181 787 1255 imperatori
806 1180 881 1242 fidus
900 1180 992 1242 videri
1011 1180 1080 1252 vult,
1105 1160 1212 1252 omnia,
1237 1179 1270 1238 in
1292 1173 1389 1250 quibus

218 1286 385 1360 imperatori
399 1302 508 1348 morem
523 1301 554 1344 se
568 1301 670 1360 gerere
685 1304 769 1361 posse
784 1271 951 1360 arbitretur,
975 1293 1005 1346 et
1019 1283 1119 1346 suffert
1138 1281 1263 1356 etfacit,
1288 1279 1389 1351 atejus

219 1406 250 1450 se
271 1392 392 1450 amioum
412 1391 459 1450 vel
479 1391 611 1456 ιΙιιιιιιιιι
630 1389 751 1468 fatetur,
776 1398 883 1466 quanto
906 1393 997 1466 magis
1016 1391 1048 1450 id
1068 1405 1120 1449 nos
1141 1392 1287 1463 praestare
1307 1382 1388 1442 debe-

218 1512 290 1568 mus,
313 1497 363 1569 qui
382 1496 519 1556 habemus
542 1498 687 1558 dominum
701 1498 800 1557 Jesnm
814 1497 910 1556 moitis
925 1493 1144 1570 imperatoribus
1158 1494 1310 1567 majorem,
1332 1501 1388 1546 ma·

218 1601 292 1659 xime
312 1617 376 1659 oum
395 1601 475 1675 impii
494 1607 665 1675 potestatem
687 1619 773 1676 snper
795 1576 903 1662 sortem
919 1601 1063 1674 justornm
1084 1615 1142 1658 non
1164 1597 1304 1658 habeant.
1330 1589 1391 1649 Etsi

219 1719 271 1763 nos
293 1705 323 1762 in
346 1705 461 1762 exilium
482 1706 525 1764 ire
550 1712 663 1779 cogant,
686 1704 725 1765 ab
747 1720 838 1766 uxore
864 1711 894 1765 et
915 1705 1012 1765 liberis
1040 1704 1167 1764 avellant
1188 1707 1245 1762 etc.
1270 1697 1390 1769 demque

220 1806 264 1864 vel
285 1808 372 1866 vitam
394 1809 530 1881 eripiant,
555 1809 626 1869 nihil
644 1815 740 1870 ιιιιιιιι
761 1813 793 1869 in
814 1811 939 1871 enimam
965 1811 1011 1870 vel
1032 1810 1153 1870 salutern
1174 1813 1308 1870 nostram
1328 1816 1390 1876 pos·

220 1917 286 1972 sunt
304 1917 359 1972 etc.
398 1913 442 1972 De
461 1913 564 1972 horum
585 1914 740 1974 verborum
760 1917 972 1991 explanatione,
997 1916 1104 1976 scilicet
1125 1915 1227 1974 »Sicut
1246 1907 1390 1972 mandavit

219 2019 288 2078 mibi
301 2025 394 2094 pater,
411 2019 452 2078 sic
465 2017 599 2093 faciam«,
616 2020 657 2079 ait
672 2021 747 2080 sein
762 2036 823 2094 cap.
841 2023 859 2079 8
876 2021 960 2096 hujus
975 2021 1158 2096 evangelista
1173 2020 1261 2093 plura
1277 2015 1388 2082 dixisse,

215 2122 321 2196 jubens
341 2128 448 2196 ιιιιιιιι,
472 2130 513 2195 ιιι,
537 2127 562 2183 si
581 2123 675 2184 Deum
696 2124 815 2199 diligere
834 2127 963 2200 cadmus,
988 2141 1052 2200 quae
1071 2125 1142 2186 deus
1157 2121 1340 2198 preceperit,
1363 2119 1390 2174 et

218 2225 363 2287 faciamus.
402 2228 508 2302 Sciens,
524 2230 627 2304 inquit,
648 2229 788 2302 dominus,
810 2247 895 2305 quam
909 2232 1043 2305 princeps
1057 2231 1143 2304 hujus
1157 2229 1258 2289 mundi
1273 2229 1304 2286 in
1317 2219 1390 2282 Juda

220 2337 249 2392 et
264 2349 322 2392 suae
338 2336 424 2394 sortis
439 2335 599 2395 hominibus
614 2333 739 2407 fureret,
763 2337 817 2396 ait:
842 2337 969 2411 Surgite,
993 2351 1091 2396 eamus
1104 2335 1178 2394 hinc.

307 2441 370 2501 Hac
390 2441 437 2501 die
456 2443 527 2503 nihil
546 2442 728 2504 sollicitatum
748 2447 801 2515 est,
825 2458 862 2502 ne
883 2443 997 2504 onerosi
1011 2447 1062 2502 aut
1075 2440 1162 2501 tedio
1183 2439 1287 2501 aulicis
1308 2431 1387 2494 semi-

220 2546 281 2606 deis
296 2562 430 2608 essemus.
720 2607 725 2624 Ι

307 2653 418 2712 Eadem
430 2653 461 2712 in
475 2654 583 2728 palatio
598 2653 720 2716 Gaesaris
734 2671 786 2716 rex
801 2653 1002 2716 Ferdinandus
1017 2658 1047 2714 et
1060 2651 1193 2712 advocati
1208 2651 1289 2712 ducis
1301 2644 1387 2710 Udal·

219 2758 271 2817 rioi
286 2773 383 2818 coram
397 2759 591 2833 imperialibus
606 2761 777 2822 consiliariis
793 2758 966 2834 praesidente
987 2757 1201 2831 momepiscopo
1221 2755 1389 2816 coloniense

221 2877 320 2921 causas
335 2864 469 2936 agebant.

308 2964 431 3025 Domine
449 2967 534 3040 iesu,
558 2968 608 3041 qui
627 2984 658 3027 es
677 2968 820 3043 ipsissima
838 2969 959 3040 verius,
982 2973 1016 3027 tu
1036 2984 1105 3028 vere
1126 2967 1231 3040 dixisti,
1255 2983 1309 3026 nos
1330 2962 1389 3022 sinc

220 3074 249 3128 te
264 3069 335 3127 nihil
349 3085 442 3143 posse.
473 3070 565 3143 Quam
579 3071 615 3131 ob
630 3087 692 3130 rem
705 3071 851 3132 humiliter
869 3079 899 3132 te
918 3073 1113 3147 deprecamur,
1137 3079 1169 3133 ut
1190 3071 1279 3132 dones
1293 3069 1347 3132 tibi
1359 3067 1388 3124 in

221 3175 351 3236 omnibus
371 3174 489 3236 obedire
509 3180 539 3236 ιι
558 3175 611 3236 tibi
633 3175 685 3236 soli
707 3176 799 3237 inniti.
837 3176 959 3239 Οιιιιιιιι
975 3177 1094 3240 deiende
1109 3182 1197 3249 tuam,
1219 3182 1272 3237 tua
1287 3173 1386 3252 gloria,

222 3279 347 3353 Christe,
371 3281 475 3340 vincat.

309 3405 327 3446 v
346 3385 419 3462 Maji
437 3387 468 3446 in
486 3388 593 3462 templo
614 3388 815 3448 observantum
834 3385 863 3446 d.
884 3387 1052 3450 Leonardus
1071 3387 1186 3448 tonsilia
1206 3388 1388 3448 concionatus

221 3499 322 3553 estex
344 3511 406 3568 cap.
432 3495 473 3554 28
495 3492 615 3567 Maon,
640 3493 773 3553 nundum
795 3491 831 3552 de
850 3493 894 3552 his
916 3494 1025 3553 verbis:
1047 3494 1088 3553 Et
1105 3495 1175 3553 exiit
1196 3510 1290 3553 sermo
1313 3485 1387 3566 apud

221 3598 348 3670 sudans,
371 3599 510 3672 usquein
529 3599 698 3660 hodiernum
718 3598 794 3658 diem
814 3603 867 3657 etc.
897 3598 1036 3671 Audistis,
1059 3599 1160 3673 inquit,
1185 3596 1387 3671 nudiustertius

222 3707 251 3759 et
265 3702 400 3776 perendie
416 3703 452 3761 de
467 3705 627 3776 pervicacia
640 3703 808 3764 iudaeorum
823 3710 853 3762 et
866 3703 986 3763 militum
1005 3718 1118 3776 quoque
1133 3702 1243 3776 perfida
1258 3700 1385 3768 ιιιιὶιίι,

222 3805 272 3878 qui
285 3811 402 3878 accepta
416 3808 550 3880 pecunia,
574 3814 606 3866 ιιι
627 3823 645 3866 a
664 3807 765 3867 scribis
785 3813 815 3868 et
828 3805 983 3868 Pharisaeis
1004 3807 1097 3868 edocti
1117 3816 1209 3882 erant,
1232 3809 1309 3868 hunc
1327 3820 1386 3866 ser·

222 3925 333 3969 monem
349 3915 529 3983 sparserunt,
554 3925 650 3984 quem,
674 3913 804 3985 iuquam,
828 3911 1007 3974 sermonem?
1030 3915 1163 3972 nimirum
1180 3913 1281 3985 talem,
1305 3907 1385 3970 disci·

222 4015 306 4092 pulos
329 4013 483 4076 suffuratos
507 4031 569 4074 esse
589 4019 675 4075 noctu
695 4031 799 4090 corpus
819 4016 926 4076 domini
943 4018 1023 4079 Jesu.
1062 4019 1118 4092 Qui
1138 4035 1232 4078 sermo
1255 4023 1286 4078 et
1306 4028 1386 4090 quam

223 4121 383 4182 consimilis
398 4122 444 4193 sit,
468 4119 587 4198 audistis
607 4120 702 4194 etiam,
726 4126 757 4179 at
775 4125 869 4180 tamcn
888 4122 935 4182 hic
954 4139 1047 4184 sermo
1065 4123 1145 4200 apud
1164 4125 1282 4184 Judoeos
1301 4118 1385 4181 obsti·

223 4232 320 4300 natos,
344 4243 402 4287 non
423 4225 501 4301 apud
522 4223 697 4286 Christianos
718 4225 884 4300 permansit.
930 4227 1014 4300 Quod
1035 4235 1130 4288 autem
1152 4229 1215 4288 haec
1236 4227 1387 4288 Matthaeus

224 4331 398 4406 evangelista
416 4336 476 4392 tam
496 4330 610 4393 disertis
632 4329 727 4392 verbis
751 4330 879 4392 indicare
905 4333 1041 4406 voluerit,
1064 4315 1131 4395 ideo
1151 4333 1256 4398 factum
1279 4336 1335 4403 est,
1357 4330 1387 4388 ιιι
