2966 4900
747 318 814 386 248

196 506 322 566 carmine
336 503 507 566 nobilitavit
538 503 595 564 Uni
610 503 745 578 trinoque
759 501 814 564 deo
828 502 867 561 sit
880 498 976 563 fausta
989 504 1133 577 potestas!
1160 499 1315 562 Gorbachii
1329 504 1363 562 29

196 610 305 685 Aprilis
320 612 350 670 in
366 610 477 684 capella
491 609 614 668 Nicolai.

284 715 471 774 standscum
489 712 579 772 lilium
602 719 633 772 et
654 713 863 772 Ehrabetnlam
887 709 975 772 filiam
997 717 1127 773 nostram
1150 713 1370 788 benignissimus

197 821 268 882 deus
287 821 318 879 in
335 820 513 891 mansiones,
542 817 578 877 de
598 818 700 890 qussrus
721 822 852 876 serrator
872 822 986 892 noster,
1010 816 1141 877 dominus
1168 823 1276 878 noster
1293 819 1371 878 lesus

197 925 326 986 Christus
353 921 542 982 indubitatam
562 924 645 982 uobis
665 939 744 996 spem
767 920 850 995 fecit,
872 923 997 997 recepit,
1014 938 1098 984 soror
1111 923 1243 982 fratrem
1258 939 1317 982 uno
1331 923 1372 982 die

197 1048 233 1090 ex
247 1030 302 1088 hac
319 1029 510 1100 lacrymarum
529 1027 604 1088 valle
625 1026 789 1086 excedendo
807 1028 968 1103 praecessit,
993 1027 1168 1088 limniscus
1194 1031 1215 1086 7
1232 1027 1335 1088 Martii
1347 1029 1372 1086 in

198 1134 311 1194 Christo
326 1130 412 1206 obiit,
435 1133 519 1192 ambo
538 1134 569 1192 in
588 1133 708 1192 ecclesia
726 1131 885 1206 parochiali
899 1131 1042 1191 Waldech
1059 1133 1273 1207 inpraesentia
1286 1132 1372 1192 Anna

198 1241 427 1312 materterarum,
444 1243 580 1312 nepotum
594 1244 625 1298 at
638 1238 786 1309 utriusque
806 1237 935 1308 parentis
949 1241 1036 1295 terrae
1051 1238 1245 1312 mandantur,
1263 1238 1373 1311 quasin

197 1344 409 1404 resurrectione
429 1343 516 1402 beata
535 1359 636 1402 rursus
650 1341 748 1400 sidere
762 1341 844 1401 nobis
859 1341 900 1414 is,
915 1342 946 1399 in
960 1343 1041 1415 cujus
1055 1358 1143 1402 manu
1156 1345 1226 1403 vita
1242 1349 1274 1402 et
1288 1343 1373 1402 exitus

198 1449 298 1510 mortis
313 1454 389 1520 sunt,
406 1448 502 1508 donet.
524 1446 611 1507 Auno
626 1446 732 1506 domini
750 1445 843 1504 1551.
881 1445 1022 1506 Herulum
1035 1462 1127 1520 suum,
1145 1448 1185 1507 de
1202 1450 1290 1523 cujus
1305 1448 1373 1506 uati·

198 1555 288 1613 vitate
303 1557 362 1611 tam
377 1551 533 1612 christiana
547 1552 675 1625 scripsit,
696 1551 860 1612 Joachimus
874 1548 1033 1624 Happelius
1049 1565 1065 1609 c
1079 1551 1267 1627 Bidencapio
1283 1553 1374 1611 oriun-

197 1657 251 1717 dus
266 1662 354 1732 poeta
367 1657 398 1716 in
413 1656 530 1716 domiuo
543 1655 726 1716 obdormiens
740 1655 842 1715 codem
856 1671 932 1714 anuo
946 1663 1144 1729 praecesserat.

287 1761 400 1820 Pietate
421 1765 450 1819 et
471 1759 602 1830 doctrina
620 1761 872 1832 praestantissimus
891 1759 1032 1834 medicus,
1055 1761 1156 1820 doctor
1181 1761 1373 1836 Burgknrdua

198 1864 365 1936 Mithobius,
382 1879 399 1922 a
414 1866 500 1938 louge
514 1866 692 1939 prospiciens
708 1869 846 1938 quantum
859 1864 999 1922 malorum
1018 1881 1098 1925 mare
1112 1867 1288 1941 reipublicae
1303 1865 1373 1923 chri·

198 1970 299 2030 stiauae
314 1984 381 2027 vere
396 1969 510 2041 piorum
531 1973 560 2026 et
580 1968 729 2028 doctorum
743 1971 871 2029 virorum
885 1985 962 2028 mors
975 1970 1100 2045 invehat,
1125 1973 1175 2045 qui
1190 1991 1211 2032 a
1226 1970 1370 2046 benignis·

202 2075 274 2134 simo
290 2073 345 2132 deo
360 2077 444 2144 patre
464 2075 602 2145 tanquam
621 2070 673 2130 filii
688 2073 785 2132 dilecti
800 2079 828 2134 et
850 2074 894 2132 illi
907 2075 1065 2134 charissimi
1080 2093 1098 2135 a
1111 2075 1186 2136 facie
1201 2076 1324 2136 malitiae
1338 2091 1370 2133 cn

199 2179 254 2239 hoo
267 2176 373 2236 mundo
394 2176 549 2249 tolluntur,
574 2191 610 2235 nc
633 2176 751 2237 videant
765 2180 941 2239 calamitates
955 2185 985 2238 et
998 2181 1142 2255 miserias,
1159 2200 1235 2256 quas
1250 2181 1368 2256 ingrati·

198 2282 267 2344 tudo
283 2287 313 2342 et
327 2282 455 2342 enormia
474 2281 584 2341 scelera
604 2287 704 2342 nostra
722 2283 753 2341 iu
774 2299 827 2342 nos
842 2290 1002 2360 accersant,
1018 2284 1081 2345 hec
1095 2287 1134 2346 ad
1148 2304 1202 2348 nos
1218 2305 1236 2348 e
1253 2285 1368 2347 Oassilia

200 2389 240 2464 xij
254 2388 363 2462 Aprilis
378 2404 454 2447 anuo
473 2389 556 2446 1549
572 2388 753 2462 perscripsit:
776 2388 859 2448 Vltus
874 2386 1045 2450 Theodorus
1064 2391 1184 2452 sabbato
1205 2396 1277 2466 post
1292 2387 1369 2448 Oculi

198 2495 275 2555 viam
288 2493 430 2552 universa
445 2493 539 2552 carnis
554 2494 701 2567 ingressus
716 2496 745 2552 et
761 2492 861 2552 doctor
877 2493 1047 2568 Orucigerus
1065 2494 1287 2571 Wittcmbcrgae
1302 2491 1367 2554 obiit

200 2604 254 2659 etc.
277 2599 379 2672 Parce,
395 2615 456 2674 oro,
472 2614 557 2672 parce
572 2599 679 2673 populo
693 2602 753 2671 tuo,
769 2611 787 2656 o
802 2596 925 2659 donino.

287 2703 373 2762 Anno
393 2701 549 2763 salutiferae
569 2703 900 2778 redemptionisuostrae
924 2704 1007 2762 1549
1030 2689 1165 2765 dissero
1192 2707 1232 2764 15
1249 2703 1366 2763 Decem·

202 2808 262 2869 bris
282 2809 385 2867 timore
406 2808 522 2867 tandem
541 2809 777 2868 christianissima
798 2808 931 2880 princeps
953 2807 1098 2870 Christian
1115 2827 1221 2884 magna
1244 2807 1367 2870 omnium

198 2913 339 2973 bonorum
354 2911 453 2972 dolore
469 2911 597 2971 Cassiliae
613 2912 689 2971 diem
703 2913 806 2972 clausit
820 2916 992 2987 extremum,
1014 2931 1077 2987 quae
1091 2915 1167 2974 inter
1181 2921 1296 2975 ceteras
1309 2912 1364 2972 air·

198 3019 274 3076 tutes
289 3017 338 3073 vix
353 3015 503 3077 credibiles
520 3017 679 3090 exemplum
694 3018 841 3091 patientiae
857 3016 994 3077 exhibuit.
1017 3019 1093 3079 Filia
1106 3019 1161 3080 fuit
1173 3021 1235 3079 haec
1251 3013 1365 3089 Georgii

200 3119 345 3180 Saxonum
358 3119 448 3191 ducis,
464 3119 636 3178 marchionis
652 3119 775 3195 Misniae,
792 3121 966 3196 landtgravii
980 3123 1157 3198 Thuriugiae.
1194 3124 1272 3184 Huic
1285 3136 1362 3182 sanc·

198 3222 314 3284 tissimae
330 3223 533 3296 patricamatri
547 3222 698 3298 Philippus
715 3225 863 3284 cattorum
882 3228 1029 3302 princeps,
1051 3244 1146 3288 comes
1165 3227 1362 3290 Cattamelibo-

199 3329 259 3404 ciae,
275 3329 322 3388 cui
336 3343 516 3389 numerosam
540 3329 651 3403 prolem
666 3331 814 3403 utriusque
830 3347 915 3392 sexus
929 3333 1061 3406 reliquit,
1086 3335 1206 3393 maritus
1222 3333 1361 3393 Oddenaa

198 3436 282 3496 modo
305 3436 335 3494 in
356 3434 488 3495 custodia
511 3433 643 3496 detentus
671 3451 734 3494 cum
756 3436 885 3496 omnibus
908 3437 963 3510 piis
990 3439 1103 3498 beatam
1126 3441 1359 3500 resurrectionen

198 3546 289 3617 optat.
312 3540 380 3600 lilii
395 3557 431 3601 ex
444 3542 498 3602 hoc
513 3543 616 3602 manto
632 3542 726 3602 adhuc
741 3542 908 3616 superstites
923 3542 1164 3603 suntGuilielmus
1179 3552 1250 3605 natu
1263 3546 1359 3618 major,

198 3645 368 3719 Ludoricus,
384 3646 533 3721 Philippus
550 3653 579 3707 et
593 3645 744 3722 Georgius,
760 3646 824 3704 duae
838 3645 906 3706 filiae
920 3646 1027 3722 Agnes,
1043 3649 1181 3708 Mauritio
1198 3649 1262 3710 duci
1278 3651 1360 3710 Sauo
1469 3667 1470 3688 ¹

199 3747 254 3806 niae
269 3748 387 3806 electori
408 3749 446 3825 (si
460 3750 515 3810 diis
529 3751 637 3826 placet)
659 3758 764 3827 nupta,
787 3751 875 3825 digna
890 3754 1008 3814 meliore
1022 3751 1152 3828 fortuna,
1172 3755 1257 3814 Anna
1272 3747 1358 3813 Wolf·
1469 3797 1470 3841 ἦ

198 3851 285 3927 gangi
309 3851 388 3909 ducis
406 3854 527 3924 palatini
545 3856 575 3913 in
595 3857 766 3928 Zuebruck,
791 3857 901 3916 comitis
921 3858 952 3916 in
970 3858 1110 3918 Veldontn
1133 3875 1220 3934 uxor,
1246 3861 1358 3932 relique
1469 3863 1470 3883 ¹

197 3955 392 4018 tresN.N.N.
408 3955 501 4016 adhuc
516 3959 569 4018 sub
583 3960 741 4020 annisibus
757 3961 873 4034 degunt.
897 3961 1043 4022 Memento
1059 3964 1224 4039 anquando,
1241 3963 1357 4032 dominc,

198 4063 400 4123 misericordia
415 4067 472 4123 tuae
487 4064 517 4121 ct
528 4059 689 4122 afflictionis
700 4065 800 4125 domus
808 4065 956 4126 Ostiorum
967 4067 1051 4140 juxta
1061 4069 1266 4144 benignitatem
1274 4073 1356 4137 tuam,

198 4172 229 4227 et
241 4167 296 4226 hoc
309 4175 428 4243 propter
442 4169 462 4229 J
464 4183 542 4228 osum
558 4165 701 4226 Christum
715 4167 805 4228 filiurn
818 4175 908 4231 tuum.
939 4169 1041 4232 Arnen,

409 4311 462 4362 Hic
482 4309 613 4362 Christins
626 4310 705 4375 jacet,
724 4313 816 4378 genuit
834 4329 910 4379 quarn
930 4315 1035 4367 Saxona
1052 4315 1138 4381 tellus,

444 4399 595 4452 Gomorram
613 4399 730 4464 thalami,
749 4403 820 4454 olars
838 4401 970 4469 Philipps,
987 4404 1033 4454 tui.

1448 274 1458 501 t
