2966 4900
657 317 721 382 eol

93 497 167 558 dem
183 513 298 574 quoque
312 497 436 574 primum
451 495 612 559 audidmus
627 497 664 558 de
684 497 817 562 Conrado
838 500 964 576 Pennig‚
986 501 1035 576 qui
1053 505 1143 566 millia
1164 505 1273 580 aliquot

93 603 233 678 peditum
246 604 417 664 conduxisse
432 603 590 664 dicebatur.

190 701 272 782 xxiiij
289 709 370 768 Junii
384 709 500 770 Werdae
516 708 554 768 ad
568 709 734 770 Danubium
748 710 884 770 Liborius
899 717 929 772 et
942 711 1088 774 Adrianus
1103 717 1273 792 expectandi

93 820 194 874 erant.
217 813 339 874 -Ibidem
354 819 464 890 autem,
488 816 555 888 quia
570 819 599 874 et
614 816 772 875 dominicus
787 815 848 875 dics
864 823 898 876 et
908 815 989 876 feriae
1003 819 1125 879 Joaunis
1139 821 1273 895 baptistae

95 935 193 980 sacrae
210 923 321 995 essent,
344 936 402 979 non
417 937 476 980 una
490 935 573 980 sacra
587 924 686 982 concio
702 921 801 982 habite
816 928 868 981 est.
900 921 975 982 Nam
991 921 1066 984 inira
1080 927 1230 1000 septimam
1244 935 1274 988 et

94 1041 209 1086 nonam
223 1025 311 1085 horas
326 1027 452 1084 ecclesiae
467 1026 598 1084 minister
611 1032 642 1085 et
655 1026 853 1100 ludimagister
868 1043 931 1086 curn
950 1029 1084 1090 sodalitio
1103 1031 1272 1093 scholastico

95 1131 254 1203 introitum
270 1130 433 1189 mutabant.
464 1130 578 1190 Deinde
593 1131 697 1205 uliquis
712 1133 907 1191 ministrorum
922 1133 1001 1193 verbi
1016 1135 1121 1209 populo
1142 1136 1273 1212 spiritum

95 1237 211 1296 domini
227 1237 399 1309 imprecatus
419 1241 471 1294 est.
512 1234 666 1296 Collectam
687 1239 837 1295 innostro
858 1236 992 1298 idiomate
1014 1238 1192 1316 decantavit,
1216 1261 1272 1318 qua

95 1339 183 1401 finita
204 1341 337 1400 minister
359 1346 523 1414 suggestum
547 1341 675 1400 ascendit
697 1343 796 1416 legens
819 1343 969 1418 epistolam
992 1359 1027 1404 ea
1049 1346 1190 1407 dominica
1218 1365 1272 1421 pro

94 1447 194 1506 veteri
203 1445 331 1506 ecclesia
340 1461 419 1506 more
427 1447 485 1520 legi
500 1446 623 1520 solitam,
640 1463 673 1506 ao
688 1449 718 1505 in
732 1447 853 1507 umbone
868 1453 1033 1524 expectans,
1050 1449 1141 1510 donec
1156 1452 1273 1525 alleluja

96 1553 287 1612 decantatum
303 1558 376 1611 crat.
411 1552 483 1612 Post
497 1550 574 1624 quod
589 1551 664 1610 idom
674 1554 808 1612 ,minister
824 1553 1004 1626 evangelium
1020 1570 1055 1614 er
1071 1556 1151 1616 Luca
1164 1572 1227 1631 cap.
1253 1559 1271 1616 6

96 1658 182 1732 legit,
198 1657 321 1716 scilicet:
340 1653 461 1716 «Estote
470 1673 539 1730 ergo
548 1657 755 1732 misericordes,
772 1660 846 1718 sicut
860 1663 889 1718 et
904 1664 1097 1734 paternoster
1112 1663 1273 1722 misericors

97 1765 154 1821 est.
179 1761 278 1821 Nolite
289 1761 428 1835 judicare,
445 1766 474 1820 et
489 1779 546 1822 non
559 1762 776 1835 judicabimini»
795 1769 848 1822 etc.
871 1763 910 1824 Et
925 1766 966 1823 sic
988 1765 1125 1826 illeabiit.
1144 1767 1272 1829 Incboro

98 1883 173 1928 vero
189 1867 241 1941 qui
255 1868 474 1946 concionaturus
497 1871 573 1941 erat,
595 1866 681 1928 credo
696 1869 726 1926 in
746 1869 830 1928 deum
851 1872 942 1944 canit,
967 1887 1001 1930 ac
1022 1871 1219 1948 ludimagister
1238 1891 1273 1935 ac

98 1973 217 2046 reliqua
233 1971 352 2032 ecclesia
366 1972 524 2046 symbolum
540 1974 697 2047 suscipiens
717 1976 878 2048 germamce
898 1975 971 2035 illud
990 1979 1122 2052 complet.
1154 1980 1272 2040 Interim

97 2078 289 2138 concionator
302 2073 452 2137 ambonem
468 2078 646 2163 conscendit,
671 2081 769 2152 peuda
784 2079 920 2153 praelatus
940 2083 1073 2144 invocato
1093 2085 1206 2144 nomine
1228 2085 1271 2145 di·

100 2185 218 2244 uincet
232 2182 309 2242 dicta
324 2183 454 2241 oratione
469 2183 623 2257 dominica,
647 2185 827 2258 euangelium
842 2201 900 2246 nou
915 2193 948 2246 nt
962 2191 1049 2246 moris
1066 2195 1110 2247 est
1129 2191 1269 2266 relegens,

100 2289 154 2348 sed
170 2288 267 2348 statim
284 2288 488 2360 expositionem
503 2290 565 2363 ejus
579 2289 756 2364 aggreditur,
773 2290 884 2350 dicens:
900 2291 1029 2352 Audistis
1042 2294 1072 2351 in
1087 2297 1271 2355 crematione

102 2393 208 2466 capitis
222 2392 308 2466 hujus
322 2399 391 2452 ante
405 2409 512 2467 paucos
527 2393 588 2454 dies
605 2401 634 2454 et
643 2395 736 2480 -bnjns
744 2397 805 2468 jam
818 2395 886 2454 lecti
901 2396 1042 2469 evangelii
1058 2401 1175 2456 textum.
1200 2399 1270 2458 Ani-

102 2496 339 2558 madvertendum
354 2513 424 2557 vero
440 2503 497 2572 est,
521 2499 598 2572 qnod
613 2498 743 2559 Christus
759 2499 816 2559 dno
832 2499 877 2558 his
892 2500 987 2560 verbis
1003 2501 1157 2563 admonere
1172 2504 1270 2578 voluit,

103 2619 192 2662 unum
208 2609 241 2662 ut
255 2603 407 2678 discipulos
423 2604 462 2663 ad
475 2601 837 2679 futuramporseoutionem
847 2608 1041 2682 praemuniret,
1058 2606 1270 2682 quobaberent,

103 2723 161 2781 quo
176 2723 207 2767 se
229 2709 455 2768 consolarentur.
487 2709 668 2768 Arbitramur
690 2712 766 2768 enim
787 2709 863 2784 quod
884 2727 941 2771 non
961 2713 1019 2770 sint
1039 2711 1188 2786 condignae
1207 2731 1272 2787 pes-

103 2815 200 2874 siones
215 2813 300 2887 buius
314 2813 413 2872 mundi
428 2815 466 2874 ad
480 2832 543 2874 eom
559 2832 623 2890 quse
637 2815 779 2877 relabitur
793 2815 913 2890 gloriam
928 2821 981 2876 eto.
1013 2817 1094 2877 Dixit
1109 2819 1198 2892 enirn,
1220 2820 1271 2894 ait,

105 2935 181 2993 «ego
195 2921 278 2979 mitto
293 2936 344 2980 vos
360 2921 433 2980 sicut
448 2937 515 2980 oves
529 2922 561 2982 in
575 2920 668 2981 medio
682 2920 834 2996 lnporum»
852 2927 905 2982 etc.
929 2922 1060 2983 Alterum
1072 2923 1148 2999 quod
1157 2923 1273 2986 doceret

103 3023 263 3100 discipmos
283 3023 446 3086 discernere
461 3027 654 3101 evangelicam
666 3027 810 3100 justiciam
830 3045 848 3088 a
866 3030 982 3102 justicia
1002 3029 1072 3104 legs.
1104 3030 1272 3107 Quanquam

104 3128 237 3188 Gbristns
251 3129 298 3188 hic
313 3147 371 3190 non
385 3130 520 3205 loquatur
536 3132 571 3192 de
584 3133 700 3204 justicia
716 3133 853 3194 salvante.
877 3133 951 3193 Nom
967 3135 1044 3197 salus
1058 3153 1110 3213 per
1126 3135 1271 3198 Obristum

105 3249 141 3293 ex
157 3236 285 3308 gratuita
299 3236 496 3296 misericordia
511 3236 595 3297 nobis
609 3237 697 3296 venit.
729 3238 821 3300 Nimis
837 3240 912 3298 enim
928 3241 1002 3301 exile
1017 3247 1047 3302 et
1066 3249 1152 3303 tenum
1172 3250 1216 3304 est
1235 3243 1270 3303 ed

104 3339 226 3398 salutem
241 3356 324 3400 omne
339 3341 423 3416 illud,
447 3341 586 3417 quidquid
601 3343 706 3402 nostris
725 3342 860 3418 operibus
880 3342 994 3406 efficere
1013 3363 1174 3419 possumus.
1214 3346 1271 3406 Sed

105 3442 237 3503 Christus
251 3445 298 3504 hic
312 3445 416 3507 docere
431 3449 534 3523 voluit,
551 3450 694 3524 quomodo
710 3464 762 3508 nos
777 3466 847 3524 erga
861 3451 1006 3524 proximos
1021 3447 1135 3508 nostros
1155 3465 1269 3524 gerere·

105 3567 165 3609 mus
180 3555 235 3610 etc.
266 3551 306 3610 Et
321 3553 391 3626 quid
414 3553 451 3612 sit
475 3555 550 3629 quod
570 3557 706 3630 scriptum
726 3560 782 3614 est:
809 3553 1055 3612 «Misericordiam
1076 3553 1141 3612 volo
1165 3560 1194 3614 et
1214 3570 1271 3614 non

105 3654 304 3716 sacrificium.»
338 3657 401 3718 Hoc
415 3659 479 3719 loco
494 3664 589 3719 autem
604 3661 789 3719 concionator
804 3657 873 3732 quid
888 3657 1083 3720 misericordie
1098 3659 1148 3736 sit,
1165 3661 1271 3722 diserta
1335 3685 1338 3692 Χ

105 3760 200 3819 docuit
215 3765 245 3820 et
259 3763 310 3836 qui
325 3739 360 3821 ea
374 3761 540 3837 praestanda
555 3765 606 3840 sit,
629 3765 769 3838 adjiciens
781 3779 838 3822 non
858 3763 950 3822 solum
972 3763 1196 3827 misericordiam
1215 3768 1271 3829 dici

106 3866 181 3938 qnod
195 3866 328 3945 mendico
343 3873 394 3928 ant
407 3870 517 3943 petenti
538 3870 641 3945 stipem
662 3875 713 3929 ant
733 3884 877 3928 nummum
898 3868 1032 3944 largiaris
1052 3879 1104 3934 aut
1123 3876 1206 3934 amici
1225 3875 1271 3933 uel

106 3973 273 4046 agrotantis
287 3974 333 4033 vol
347 3971 446 4033 afflicti
461 3977 551 4035 vicem
566 3975 673 4050 doleas,
690 3976 720 4035 id
736 3975 811 4059 enim
823 3979 896 4034 tosto
912 3974 1026 4036 cbristo
1041 3980 1128 4038 etiam
1144 3978 1271 4036 ethnicos

106 4074 209 4137 iacere.
241 4077 298 4137 Sed
312 4078 344 4138 id
362 4095 426 4138 esse
445 4081 670 4141 misericordiam
690 4081 764 4138 sient
784 4086 868 4156 pater
888 4083 1013 4144 coelestis
1034 4081 1195 4140 misericors
1218 4086 1270 4156 est,

107 4183 154 4255 qni
169 4183 259 4242 solem
274 4199 357 4242 sunm
377 4184 545 4246 admirabile
566 4187 638 4251 illud
659 4188 755 4248 lumen
776 4193 806 4248 et
826 4189 907 4248 bonis
928 4193 957 4246 et
976 4187 1059 4245 malis
1078 4185 1270 4260 luceresinit,

88 4271 153 4358 'qui
174 4288 204 4346 in
226 4304 296 4363 agro
317 4288 438 4348 bominis
458 4291 584 4350 timentis
611 4293 696 4352 deum
718 4291 830 4368 segetes
853 4307 982 4352 crescere
1002 4295 1031 4349 et
1054 4290 1173 4365 inagro
1194 4291 1271 4352 athei

108 4407 188 4466 aeque
202 4391 314 4453 fructus
327 4394 477 4454 uberiores
493 4395 543 4454 dat
557 4400 611 4460 etc.
642 4397 684 4456 Ut
697 4397 772 4457 idem
785 4397 841 4456 boc
854 4396 950 4456 mulda
970 4395 1006 4456 de
1025 4393 1201 4468 benignitate
1224 4395 1272 4458 dei
