2940 4900
4 2119 5 2122 ,
103 2091 155 2134 res
172 2079 251 2154 est„

687 320 727 384 at

99 511 188 570 gans
204 502 238 555 ut
255 499 300 558 vel
314 499 410 572 aliquo
433 515 485 560 uos
505 514 644 574 responso
666 499 847 574 dignaretur,
870 503 894 560 si
908 499 981 562 forte
1003 508 1155 579 antequam
1171 507 1226 580 ipsi
1240 523 1286 564 re-

101 606 298 662 verteremur
313 604 517 678 episcopus'ad
531 605 706 664 mansionem
722 621 802 664 suam
812 607 931 668 veniret.
956 607 1067 668 Aderat
1082 617 1112 668 et
1126 611 1286 684 inauspica-

100 712 155 766 tus
173 707 345 768 Malvenda.
386 707 572 768 chdelinus
594 711 746 816 asgumptis
770 708 906 771 matribus
931 714 1036 772 nostris
1051 717 1166 772 tentare
1188 715 1286 788 voluit,

101 829 144 872 an
163 813 263 886 possit
277 812 333 891 illis
348 811 470 872 facultas
486 814 668 874 archiducem
685 815 848 889 alloquendi
863 815 1019 892 obtingere,
1044 824 1075 876 at
1097 819 1166 876 nihil
1183 820 1285 878 evenit.

205 919 233 976 A
249 916 368 990 prandio
391 916 546 991 hospitium
561 919 760 978 Atrebatensis
781 923 978 996 repetivimus,
1008 926 1056 996 qui
1072 925 1102 982 in
1116 923 1200 983 horto
1224 941 1286 982 cum

102 1024 251 1098 nymphis
273 1022 482 1084 deambulabat.
527 1024 597 1082 Post
623 1025 755 1097 pusillum
780 1029 914 1100 temporis
938 1030 1173 1102 germanus'ejus
1197 1026 1287 1088 irater

100 1129 193 1188 venit
209 1132 240 1187 et
255 1129 316 1200 ipse
332 1127 446 1188 hortum
462 1129 581 1200 intrans,
598 1129 750 1202 statimque
766 1145 915 1206 reversus,
941 1149 1023 1206 quem
1039 1149 1105 1192 mox
1120 1134 1286 1193 subsecutus

102 1238 153 1292 est
170 1231 268 1292 irater
283 1234 442 1307 episcopus.
483 1232 569 1307 cidus
585 1237 747 1310 conspectui
763 1253 825 1296 cum
843 1253 894 1296 nos
911 1237 1110 1296 exhiberemus
1125 1240 1178 1298 aits
1203 1239 1286 1297 Corte

101 1337 208 1398 adhuc
229 1336 301 1395 nihil
325 1337 406 1412 potui
430 1337 568 1397 Caesareae
590 1340 735 1412 maiestati
759 1338 877 1400 reterre.
922 1341 1050 1414 Rogatus
1071 1343 1233 1415 igiturest,
1255 1347 1286 1400 ut

102 1445 238 1518 quaesita
254 1442 369 1502 tandem
383 1444 598 1518 opportunitate
614 1461 665 1502 nos
687 1443 897 1504 commendatos
920 1443 1025 1504 habere
1041 1446 1117 1505 velit.
1157 1445 1239 1516 Quod
1255 1463 1285 1504 se

102 1548 258 1610 iacturum
280 1550 400 1622 recepit,
425 1547 476 1608 sed
495 1546 551 1608 fide
576 1551 620 1625 (ut
634 1549 703 1608 mihi
719 1547 829 1614 videorl
851 1549 951 1608 aulica.
992 1549 1030 1608 Et
1045 1549 1107 1608 haec
1130 1551 1213 1622 hujus
1230 1551 1285 1608 diei

104 1653 304 1727 catastrophe
312 1657 390 1712 crat.

206 1757 325 1816 Interim
346 1763 441 1816 autem
466 1759 649 1832 cognovimus
672 1765 740 1819 ante
761 1760 821 1819 dies
845 1762 1002 1835 complures
1023 1775 1136 1818 causam
1163 1760 1285 1835 Philippi

102 1865 228 1924 comitis
245 1879 263 1920 a
278 1862 396 1922 Nassaw
417 1869 446 1922 et
466 1870 592 1924 nostram
616 1866 782 1940 imperatori
797 1866 953 1938 expositam
970 1881 1039 1925 esse.
1079 1865 1136 1924 Sed
1149 1859 1212 1926 baec
1225 1882 1284 1926 ma·

69 1953 72 1968 ’
104 1971 189 2029 teria
220 1985 281 2027 uon
306 1965 388 2028 facile
420 1970 571 2028 resolvitur
602 1971 656 2029 nisi
684 1977 805 2044 patrono
832 1987 961 2045 nummo,
993 1987 1045 2040 uec
1072 1970 1202 2030 obularia
1225 1971 1286 2029 haec

207 2178 312 2239 Frater
331 2179 530 2240 Atrebatensis
559 2184 671 2240 nomine
701 2181 821 2242 fratrum
851 2191 1024 2270 nostrorum,
1056 2184 1220 2256 quibuscum
1244 2183 1283 2240 illi

106 2284 286 2344 wormatiae
310 2284 415 2344 aalide
437 2285 571 2360 contigit,
591 2291 624 2346 ut
643 2293 771 2346 nostram
785 2304 900 2348 causam
914 2288 992 2360 apud
1006 2288 1223 2361 Atrebatensem
1237 2289 1283 2361 ju·

107 2393 209 2462 taret,
233 2405 286 2463 per
301 2388 444 2449 Eubulum
459 2394 577 2464 rogatus
593 2395 645 2449 est.
684 2392 832 2452 Pollicitus
849 2399 879 2450 et
893 2391 939 2450 hic
955 2396 998 2450 est
1013 2395 1123 2450 montes
1139 2408 1241 2452 aureos
1256 2397 1286 2450 et

108 2511 163 2555 nos
183 2496 370 2555 omnesdata
385 2495 503 2556 dextera
519 2497 663 2556 salutavit.
1060 2557 1062 2560 .

204 2597 315 2658 Eadem
332 2601 363 2658 in
377 2605 461 2662 nocte
475 2601 535 2660 lixa
550 2597 665 2673 quidam
680 2601 839 2660 concideris
854 2601 992 2674 Augustae
1007 2599 1183 2658 clandestine
1198 2601 1285 2658 inter-

108 2711 229 2783 emptus
252 2712 304 2772 ast.
352 2706 490 2766 Dominus
506 2706 543 2766 de
558 2705 726 2768 Emmerscil
748 2704 870 2764 Caesaris
890 2705 983 2764 aulam
1004 2704 1185 2777 subsecutus,
1212 2705 1284 2763 Bra·

108 2813 261 2885 bantinus,
277 2811 416 2886 Augustae
430 2812 560 2872 moritur.
970 2873 972 2882 .

205 2915 283 2976 Dido
307 2917 343 2976 de
369 2917 555 2991 Kniephusen
589 2935 644 2990 quo
666 2917 789 2992 Viglium
812 2921 842 2976 in
863 2933 914 2976 suo
941 2919 1055 2990 negotio
1078 2918 1285 2990 vigilantiorem

3 3075 4 3078 ,
109 3022 261 3095 redderet,
284 3023 339 3096 ipsi
353 3029 455 3096 patera
471 3021 610 3082 deaurata
624 3023 788 3096 octuaginta
803 3019 977 3082 florenorum
997 3021 1107 3080 libavit.

204 3128 346 3188 Ernestus
365 3127 423 3187 dux
448 3127 639 3200 renunciavit,
663 3143 695 3186 se
718 3129 855 3188 hacteuus
878 3129 957 3202 apud
977 3130 1127 3188 electorem
1148 3131 1177 3188 in
1200 3145 1285 3214 causa
1328 3105 1330 3110 ⁵

114 3237 220 3294 nostra
243 3232 314 3291 nihil
333 3229 468 3292 effecisse.
517 3231 687 3292 Eadem-ad
709 3233 909 3295 Baithasarum
925 3234 1099 3309 Gultliugnm
1122 3235 1284 3309 perscripsi.

1 3344 3 3426 J
112 3335 218 3398 Comes
233 3335 376 3396 Antonius
392 3336 428 3396 ab
444 3335 607 3412 Eisenburg
621 3337 747 3399 nondum
767 3341 931 3414 ingratiam
949 3339 1070 3401 Caesaris
1085 3345 1216 3413 receptus
1232 3344 1285 3398 est.

203 3456 243 3499 xv
257 3441 329 3516 Maii
350 3444 382 3500 in
405 3442 511 3516 templo
526 3443 671 3504 Minorem
687 3443 714 3503 d.
726 3442 901 3504 Leonardus
924 3460 960 3503 ex
982 3444 1163 3516 evangelistis
1187 3459 1286 3500 rursus

1 3551 2 3562 ¹
113 3547 149 3606 de
168 3545 317 3606 commodo
337 3550 367 3605 et
385 3544 479 3606 fructu
502 3548 676 3606 ascensionis
692 3546 840 3606 dominicae
860 3547 995 3606 disseruit
1015 3552 1044 3604 et
1059 3548 1234 3619 potissimum
1250 3546 1286 3607 de
1400 3571 1402 3576 ·

0 3717 1 3726 χ
114 3651 238 3710 articulo
253 3648 321 3709 fidei
336 3655 455 3710 nosue:
479 3651 617 3710 Ascendit
638 3652 676 3710 ad
700 3652 807 3725 coelos,
826 3650 907 3712 sedet
927 3651 964 3710 ad
980 3651 1109 3710 dextram
1127 3651 1182 3711 Dei
1197 3653 1286 3724 patris

115 3757 319 3829 omnipotentis
334 3761 387 3816 etc.
412 3756 473 3816 Has
488 3762 584 3817 autem
598 3757 670 3816 duas
686 3757 851 3829 sententias,
871 3756 978 3816 «Dedit
992 3757 1067 3818 dona
1081 3758 1243 3820 bominibus
1258 3765 1287 3819 et

115 3862 254 3936 praecepit
269 3863 311 3921 eis
327 3877 364 3920 ue
378 3861 415 3922 ab
431 3862 637 3935 Hierosolymis
649 3860 849 3936 discederentg
875 3863 965 3924 donec
980 3865 1086 3923 virtute
1101 3854 1301 3925 induerentur

116 3983 151 4026 ex
165 3969 245 4028 alto»
264 3968 441 4041 potissimum
451 3969 581 4042 urgebat,
593 3967 721 4027 iudicans
732 3983 817 4040 quam
827 3967 897 4028 nihil
911 3968 979 4028 boni
990 3985 1025 4028 ex
1040 3969 1122 4028 nobis
1138 3971 1206 4043 ipsis
1222 3987 1287 4042 pro-

117 4075 224 4133 veniat.
248 4071 404 4133 Proierens
421 4073 578 4146 exemplum
595 4073 690 4145 Petri,
713 4073 761 4145 qui
777 4074 849 4135 adeo
864 4073 980 4134 timidus
996 4047 1091 4147 inerit,
1108 4078 1140 4129 ut
1155 4075 1207 4131 suh
1221 4089 1286 4145 pas·

0 4200 1 4207 ¹
116 4179 197 4238 sione
213 4167 320 4237 domini
341 4191 411 4236 voce
432 4179 519 4236 etiam
534 4177 708 4236 mulierculae
723 4179 841 4236 territus
858 4177 1002 4239 Christum
1017 4177 1211 4250 abnegaverit,
1229 4184 1287 4237 ete

118 4288 235 4356 contra,
259 4287 384 4355 quantus
404 4281 492 4340 fuerit
515 4282 601 4354 huujus
617 4282 738 4356 apostoli
754 4282 840 4340 ardor
854 4285 884 4342 in
900 4282 1028 4356 Christo,
1054 4298 1117 4339 cum
1134 4284 1237 4340 virtute
1252 4299 1288 4342 ex

119 4387 176 4446 alto
192 4385 308 4448 indutus
323 4388 466 4459 emetita
481 4393 514 4446 nt
529 4403 586 4448 uon
602 4385 692 4472 solum
708 4387 888 4460 negationem
905 4402 984 4446 auam
1005 4385 1213 4458 deploraverit,
1238 4386 1287 4446 sed
