2940 4900
648 341 691 410 93

72 518 281 579 caduceatores
307 537 375 581 suos
398 521 552 594 electorem
584 522 761 596 cardinales,
791 522 1035 596 archiepiscopos,
1059 524 1201 599 principes
1225 530 1254 584 et

72 625 205 696 quicquid
221 631 356 684 statuum
372 627 485 700 imperii
499 626 638 698 Augusta
659 627 770 700 aderat,
794 627 824 684 in
843 627 950 700 palatio
971 629 1059 700 ipsius
1081 628 1182 688 adesse
1203 629 1251 688 de-

71 731 136 788 bere
160 730 267 790 edixit.
311 729 438 790 Adfuere
463 730 563 791 eodem
587 735 717 804 tempore
741 736 771 790 et
794 732 896 790 milites
925 735 1028 792 armati
1052 749 1105 806 pro
1130 735 1253 792 statione

71 841 186 894 stantes.
211 836 288 895 Fuit
307 843 402 896 autem
417 835 494 896 fama
509 837 675 920 interimens
691 837 763 896 illud
777 839 891 898 interim
906 838 1058 912 publicitus
1074 837 1179 897 ibidem
1194 839 1252 912 legi

72 941 182 1000 debere.
217 941 281 1000 Sed
298 941 460 1014 rideamus,
484 924 602 1014 postera
617 941 687 1013 quid
702 947 799 1016 portet
813 944 870 1001 lux.

155 1046 297 1106 Eubulus
314 1046 393 1120 apud
408 1046 551 1106 dominam
567 1051 695 1106 nostram
715 1049 871 1120 principem
891 1048 1023 1120 coenavit,
1048 1046 1098 1106 ubi
1117 1046 1253 1120 principis

73 1151 227 1210 consiliarii
259 1151 405 1225 Georgius
436 1168 454 1209 a
481 1151 687 1226 Boumelburg‚
717 1153 745 1210 ll.
775 1154 890 1225 doctor,
922 1152 1062 1212 Melchior
1090 1170 1107 1210 a
1134 1152 1252 1210 Horetal

73 1253 224 1327 prefectus
242 1255 382 1330 Calcidis,
404 1255 544 1329 Georgius
560 1273 576 1314 a
592 1237 742 1331 Molsbmg
757 1265 888 1330 satrapas
903 1259 933 1314 in
948 1258 1083 1330 Lyciluco
1097 1272 1149 1316 seu
1163 1257 1252 1314 mavis

73 1357 245 1435 Vultlbagen
267 1362 384 1420 Hassiae
407 1375 521 1432 quoque
543 1360 674 1420 aderant.
711 1361 738 1419 A
760 1377 842 1420 coena
863 1360 979 1440 domina
1000 1361 1144 1419 Christina
1163 1358 1250 1416 inf-

74 1463 172 1526 miliari
195 1465 347 1540 colloquio
367 1465 495 1525 Volrado
514 1467 622 1540 retulit,
647 1466 790 1525 dominam
811 1465 995 1525 Gatharinam
1017 1481 1128 1524 socrum
1148 1463 1253 1523 Eubuli

75 1574 101 1626 et
114 1571 206 1643 ipsam
223 1570 403 1630 Christinanr
420 1571 558 1643 sanguine
571 1571 686 1643 junctas
707 1586 779 1644 esse,
804 1572 910 1632 excidit
929 1576 1024 1630 autem
1046 1569 1130 1630 modo
1151 1586 1209 1642 quo
1223 1569 1253 1626 in

75 1674 169 1746 gradu.
211 1675 335 1736 Oertum
363 1682 408 1734 est
434 1681 531 1736 antem
552 1692 587 1735 ex
609 1676 874 1750 brandenburgensi
897 1677 981 1736 domo
1008 1675 1083 1735 hanc
1105 1675 1251 1748 sanguinis

76 1793 168 1838 earum
181 1782 368 1853 junctionem
384 1798 455 1840 esee.

13 1879 14 1882 ’
158 1886 277 1947 Eadem
300 1888 457 1960 plagiarios
479 1887 826 1962 caldenbornensem,
851 1889 899 1962 qui
920 1890 1058 1962 quosdam
1078 1895 1251 1948 mercatores

76 1989 227 2052 inditione
249 1976 425 2052 marchionis
447 1990 560 2051 Alberti
581 1994 728 2067 spoliarat,
753 1995 819 2054 licet
838 1995 937 2054 Norici
951 1997 1034 2054 cives
1054 1995 1084 2051 in
1099 2011 1153 2062 suo
1165 1994 1250 2052 terri·

13 2081 14 2124 3
78 2095 146 2155 torio
161 2097 193 2156 id
208 2097 320 2157 iactum
336 2097 465 2155 dicerent
479 2112 512 2155 ac
525 2097 688 2171 predonem
705 2099 993 2174 comprehendissent.
1024 2099 1140 2156 Mature
1156 2103 1251 2156 antem

80 2196 170 2259 Caesar
182 2203 382 2263 interveniens
395 2203 537 2262 hominem
554 2203 608 2260 huc
622 2203 780 2275 Augustam
795 2204 833 2264 ad
847 2203 1029 2278 plectendum
1043 2203 1144 2262 advehi
1156 2203 1250 2275 jussit.

161 2305 288 2366 Domine
310 2309 395 2382 Jesu,
421 2307 487 2366 dnm
508 2306 693 2366 fabricatores
715 2309 795 2382 impii
818 2306 958 2368 fabricant
981 2309 1109 2380 interim,
1133 2312 1164 2365 tu
1186 2309 1251 2365 veni

81 2407 183 2470 interea
200 2418 230 2471 et
249 2431 302 2473 nos
317 2430 401 2472 serva
417 2413 453 2471 ab
469 2413 602 2472 intricate
617 2413 731 2470 interim
747 2429 856 2484 nosque
872 2413 1024 2472 verbotuo
1040 2427 1134 2485 pasce.

162 2516 338 2578 Cateobismi
359 2519 552 2591 frequentatio
574 2517 621 2574 bic
642 2533 827 2590 permenses
850 2518 959 2589 aliquot
979 2518 1015 2576 ob
1039 2497 1250 2588 improbitatem

13 2651 14 2658 κ
83 2619 153 2693 vulgi
166 2623 318 2684 iberorum
334 2625 496 2682 intermissa
511 2627 564 2680 est.
965 2612 968 2620 ’

163 2727 277 2788 Eadem
299 2746 317 2787 a
338 2726 483 2788 nonnullis
505 2726 587 2786 nobis
610 2726 796 2801 dictumest,
829 2727 1025 2786 Colonienscm
1048 2741 1078 2783 sc
1104 2723 1248 2799 obtulisse,

13 2841 14 2874 ³
85 2829 106 2884 si
119 2835 233 2893 comites
250 2833 430 2893 Waldeciani
445 2834 536 2906 ipsum
552 2830 640 2892 affatu
660 2831 861 2906 dignarentur,
886 2832 963 2906 apud
979 2830 1121 2890 Oaesarem
1141 2848 1193 2904 pro
1215 2831 1250 2888 iis

13 2915 14 2928 ¹
86 2931 257 3000 intercedere
272 2956 303 2999 se
318 2940 400 3018 veile.

13 3105 14 3128 3
166 3043 337 3106 Gbunradus
360 3063 378 3103 a
400 3044 592 3116 Boumelburg
615 3060 701 3116 eques
721 3060 771 3102 sex
791 3043 880 3102 millia
902 3042 1029 3118 peditum
1052 3043 1091 3100 ad
1113 3040 1251 3102 merenda
1327 3031 1328 3034 '

87 3145 219 3218 stipendia
238 3152 321 3226 jussu
343 3150 463 3209 Caesaris
485 3149 631 3208 conduxit.
652 3145 915 3222 'Argentoratensis
935 3164 1005 3222 ager
1024 3145 1199 3221 pedetentim
1214 3148 1250 3208 ab

89 3246 168 3312 Iberis
182 3257 244 3330 peti
261 3256 374 3316 dicitur.
743 3331 749 3344 Ι

166 3363 212 3436 xvj
234 3361 306 3434 Maji
325 3365 392 3419 ante
412 3361 539 3432 quintam
561 3357 837 3432 mercator-quidam
857 3359 943 3432 venit,
968 3359 1065 3418 volens
1085 3358 1250 3430 gradarium

90 3472 172 3522 meum
185 3483 293 3541 emere,
318 3483 417 3526 verum
433 3464 503 3524 nihii
519 3465 594 3524 inter
610 3483 661 3525 nos
677 3470 846 3524 conventum
861 3470 913 3522 est.

167 3571 251 3644 Quod
265 3573 378 3632 interim
393 3568 434 3644 fit,
457 3569 518 3628 iere
538 3575 645 3643 praeter
660 3568 789 3627 ordinem
808 3565 849 3624 fit.
881 3568 972 3639 igitur
993 3569 1022 3622 et
1042 3564 1103 3622 heri
1122 3565 1194 3622 nihil
1214 3564 1249 3622 de

92 3666 191 3734 interim
211 3677 261 3736 illo
283 3676 389 3736 factum
412 3681 464 3735 est.
502 3675 573 3732 Haeo
593 3677 688 3732 antem
708 3672 868 3746 accepimus
890 3687 908 3730 a
930 3669 1034 3728 Oarolo
1057 3686 1075 3728 a
1098 3667 1248 3742 stocheim,

92 3771 144 3835 heri
161 3783 238 3856 apud
261 3783 398 3842 electores
421 3787 450 3839 et
468 3784 560 3840 status
579 3778 692 3852 imperii
713 3775 856 3836 cesarem
875 3775 1074 3850 inpraesentia
1092 3772 1191 3836 matris
1207 3775 1251 3833 sui

93 3873 264 3962 declinandi,
286 3888 489 3958 Romanorum,
512 3885 672 3958 Hungariae'
688 3887 719 3942 et
732 3882 877 3942 Bobemiae
891 3882 978 3956 regis,
1001 3897 1054 3956 per
1070 3881 1251 3945 archiducem

13 4015 14 4024 ¹
93 3977 306 4052 Maximilianun
328 3992 507 4067 exposuisse,
537 3988 678 4062 quomodo
702 3993 731 4046 et
754 4004 825 4061 quas
848 3987 884 4046 ob
908 4003 1008 4047 causas
1032 3991 1061 4045 et
1084 3986 1161 4059 quod
1182 4002 1249 4044 oon-

13 4101 14 4168 }
94 4094 184 4154 cordia
199 4099 294 4173 gratio
309 4103 338 4156 et
352 4104 474 4172 paterno
489 4095 519 4153 in
534 4095 657 4167 patriam
672 4092 855 4153 Gennaniam
870 4091 1099 4166 affectuinterim
1112 4089 1167 4146 hoc
1181 4103 1249 4145 con·
1288 4121 1292 4126 -

94 4198 166 4259 scribi
180 4205 308 4277 jusserit,
332 4203 452 4261 maxime
472 4217 542 4261 vero
558 4217 621 4258 cum
635 4199 666 4258 id
679 4200 720 4258 sic
734 4196 797 4256 fieri
817 4198 943 4258 unanimi
964 4209 1104 4254 consensu
1126 4193 1163 4251 ab
1177 4192 1250 4252 elec-

94 4301 198 4383 bubus,
220 4309 395 4383 principibus
412 4311 441 4366 et
456 4306 575 4366 statibus
590 4305 701 4379 imperii
717 4305 835 4377 petitum
857 4303 903 4360 sit.
935 4301 1059 4372 Exigere
1079 4297 1167 4370 igitur
1188 4295 1250 4355 Cae-

95 4416 191 4471 saream
210 4417 390 4488 majestatem
409 4411 445 4471 ab
461 4411 631 4474 electoribus
651 4407 848 4486 ecclesiasticis
868 4411 898 4466 et
917 4403 1093 4464 secularibus
1113 4402 1251 4478 principia
