3028 4894
715 365 756 432 lo

147 549 257 610 habens
273 565 390 610 carnem
405 564 508 610 novam
528 549 709 610 brachiorum
732 554 761 608 et
775 566 898 626 crurum,
921 549 989 609 licet
1009 547 1096 610 facies
1110 551 1237 612 nondum
1252 553 1322 614 satis

148 661 223 716 esset
236 657 359 730 integro.
1256 729 1260 738 .

236 761 261 820 O
277 761 400 837 domine,
417 778 483 830 ossa
496 761 645 822 humiliato
655 762 840 835 doexultent,
856 775 931 834 pone
946 759 1104 821 custodiam
1113 763 1158 821 ori
1169 779 1233 824 meo
1249 767 1323 824 etin

149 869 272 928 ueritate
288 867 380 926 deduc
395 882 449 926 me.

238 973 286 1030 xix
300 970 408 1045 Aprilis
433 973 498 1032 dum
515 971 717 1045 Wendelinus,
739 971 873 1032 Liberius
894 978 924 1031 et
938 973 1035 1033 oaeteri
1057 973 1088 1031 in
1108 972 1233 1033 medinm
1253 975 1322 1048 quid

149 1093 223 1152 opus
237 1075 315 1136 factu
331 1047 377 1136 sit⁸
384 1077 563 1152 consultant,
586 1080 727 1150 oportune
747 1077 955 1152 Burgkhardus
974 1079 1090 1138 nuntius
1110 1083 1209 1139 noster
1232 1081 1320 1155 venit,

149 1182 248 1241 literas
272 1199 291 1242 a
313 1182 428 1242 domina
447 1186 554 1256 matre,
576 1183 714 1241 uxorcula
737 1187 767 1242 et
786 1184 932 1244 sororibus
948 1185 1011 1256 ejus
1033 1198 1087 1242 neo
1101 1199 1160 1242 non
1175 1201 1194 1242 a
1207 1183 1323 1244 Joanne

149 1285 286 1346 Galooteo
308 1291 338 1346 et
352 1286 519 1347 Hermanno
534 1287 628 1347 Nellio
645 1287 786 1360 Sperante
801 1287 839 1347 od
855 1305 938 1348 noso
959 1291 1055 1362 patria
1070 1284 1211 1346 deferens.
1249 1288 1322 1346 Item

150 1391 250 1451 literas
266 1392 378 1450 comitis
393 1391 552 1451 Reinhardi
567 1409 585 1451 a
601 1392 693 1452 Solms
708 1393 747 1452 ad
761 1409 813 1452 nos
828 1409 910 1467 unas,
925 1393 962 1452 ad
977 1393 1066 1452 filium
1080 1392 1236 1450 Ernestum
1250 1407 1322 1451 unas

150 1500 178 1554 et
192 1496 231 1556 ad
244 1497 370 1569 Viglium
386 1496 501 1555 alteros.
543 1489 616 1556 Item
630 1497 808 1557 Elisabethoa
829 1497 949 1556 ducisse
964 1497 1000 1556 de
1023 1495 1210 1570 Brunschwig
1225 1502 1255 1556 et
1269 1497 1320 1556 do·

149 1603 232 1660 mina
248 1602 284 1660 de
299 1600 474 1675 Henneborg
489 1607 518 1661 et
532 1603 642 1662 comitis
658 1602 804 1676 Poppouis
818 1603 927 1676 scripta
941 1600 980 1660 ad
994 1601 1192 1664 Marohiouem
1205 1601 1321 1661 Electo-

149 1723 218 1765 rem.
242 1705 329 1765 Domi
345 1709 440 1765 omnio
455 1708 542 1767 salvo.
567 1706 630 1766 Deo
640 1713 700 1781 opt.
716 1723 791 1766 mar.
808 1709 997 1780 sempiternus
1013 1706 1106 1766 honos
1122 1707 1160 1765 sit
1175 1710 1204 1765 et
1217 1707 1319 1780 gloria.

141 1810 331 1886 ,deceperunt
346 1828 459 1885 quoque
475 1813 591 1872 Samuel
606 1829 624 1870 o
639 1819 731 1888 patro,
747 1811 852 1872 fratres
867 1830 885 1873 a
899 1819 992 1873 matre
1006 1812 1127 1872 litteras.
1228 1872 1230 1878 .

237 1915 347 1976 Eodem
372 1917 468 1976 comiti
488 1917 613 1976 Ernesto
636 1923 772 1990 paternos
793 1919 905 1978 litteras
928 1917 1041 1990 ipsimet
1062 1915 1247 1992 reddidimus,
1269 1918 1319 1990 qui

149 2020 368 2080 Atrebatensem
391 2023 555 2094 alloquutus
578 2021 688 2097 fueret,
712 2028 847 2097 rogantes
867 2024 956 2096 igitur
975 2023 1084 2096 ipsum,
1110 2028 1141 2082 ut
1162 2023 1255 2082 nostri
1269 2021 1321 2081 ali-

151 2142 247 2201 quam,
264 2127 289 2186 si
303 2125 379 2186 forte
394 2129 435 2185 sic
450 2143 542 2186 sermo
557 2125 656 2202 ferret,
672 2129 846 2189 mentionem
860 2128 938 2202 opud
953 2128 1075 2188 eundem
1089 2125 1208 2186 iaceret.

238 2231 297 2291 Per
310 2231 459 2292 Liborium
473 2232 567 2306 Viglio
582 2234 674 2293 literae
689 2233 848 2292 Reinhardi
863 2235 973 2292 comitis
997 2231 1081 2292 reddi
1103 2232 1254 2304 debebant,
1271 2231 1322 2290 sed

149 2335 259 2396 Doctor
276 2338 386 2397 exierat
399 2335 487 2396 foras.
526 2336 665 2396 Comitem
674 2355 698 2410 a
711 2337 825 2398 Nasson
847 2339 877 2397 in
900 2337 1022 2411 hospitio
1045 2352 1096 2396 suo
1113 2336 1321 2410 quaerebamus,

148 2457 248 2500 uerum
263 2442 298 2515 is,
313 2446 347 2500 nt
361 2447 462 2516 postea
477 2444 681 2516 comperimus,
703 2442 863 2502 auditorem
878 2443 939 2516 ogit
954 2443 984 2499 in
1007 2455 1094 2500 causa
1109 2439 1189 2499 ducis
1203 2440 1322 2498 Honrioi

148 2551 178 2605 et
193 2543 430 2606 Gosloriensium.

236 2653 272 2710 In
287 2651 389 2712 eodem
403 2653 505 2711 itinere
521 2653 642 2712 dominae
657 2653 780 2726 principi
800 2649 991 2726 Landgroviae
1011 2647 1106 2708 fausta
1125 2648 1236 2725 precati
1256 2647 1322 2706 dein

147 2755 305 2830 hospitium
320 2757 437 2818 Ernesti
451 2757 531 2816 ducis
546 2757 799 2830 frequentamus.
1155 2823 1157 2828 ,

236 2861 265 2920 Α
279 2862 399 2934 prandio
414 2878 498 2921 omne
507 2861 734 2936 pomeridianum
748 2867 861 2934 tempus
876 2862 1034 2922 scribendis
1049 2859 1140 2921 literis
1149 2859 1187 2919 ad
1197 2875 1320 2935 socrum,

147 2967 316 3026 uxorculam
335 2965 460 3027 Nellium
483 2969 693 3043 insumpsimus.
738 2968 844 3027 Frater
858 2967 986 3029 Joannes
1011 2965 1089 3042 opud
1113 2965 1212 3026 ducem
1227 2965 1320 3024 Erne-

148 3076 223 3130 stum
238 3089 362 3146 pransus
378 3079 430 3132 est.

241 3176 343 3238 Statim
358 3195 376 3238 a
390 3177 510 3251 prandio
526 3180 659 3238 ostiarios
675 3194 795 3238 camerae
810 3180 921 3239 concilii
943 3177 1097 3252 imperialis
1121 3177 1218 3237 attulit
1238 3179 1321 3250 jussu

149 3282 262 3341 concilii
277 3285 415 3358 scriptum
430 3283 580 3344 Reinberti
594 3285 670 3344 illius
685 3285 930 3345 Podorbornensis
946 3285 1081 3358 episcopi,
1097 3285 1128 3342 in
1143 3299 1200 3356 quo
1215 3297 1319 3356 cogna-

149 3390 211 3446 tum
226 3387 400 3463 Philippum,
415 3405 569 3448 novercam
583 3395 613 3448 et
627 3405 680 3449 nos
694 3390 772 3464 apud
787 3405 940 3448 caesaream
955 3389 1134 3461 maJostatem
1148 3387 1260 3446 detulit.

238 3492 354 3553 Samuel
373 3492 451 3566 apud
470 3494 625 3552 Emestum
647 3495 682 3553 de
704 3495 795 3554 Solms
816 3495 948 3552 coenavit.
994 3491 1057 3550 Hoc
1079 3488 1124 3548 die
1146 3490 1177 3546 in
1197 3489 1321 3562 negotiis

151 3598 257 3656 nostris
272 3597 345 3656 nihil
359 3605 521 3671 promotum
536 3603 588 3658 est.
612 3599 689 3659 Nota
704 3599 739 3658 de
755 3613 841 3658 causa
854 3596 1023 3657 Boi-ensium
1038 3592 1181 3656 comitum.

238 3701 352 3762 Eodem
365 3703 510 3762 Adrianus
531 3703 686 3763 aZertzon
708 3701 867 3762 marchioni
882 3701 1000 3760 electori
1013 3700 1113 3760 literas
1128 3699 1235 3760 sororis
1250 3713 1320 3760 suae

152 3809 180 3864 et
194 3804 373 3867 dominorum
388 3824 405 3867 a
420 3808 594 3882 Henneberg
607 3807 699 3866 nostri
713 3810 826 3868 nomine
842 3805 954 3866 obtulit.

238 3911 349 3973 Eodem
361 3915 532 3987 intempesto
543 3918 625 3972 noete
632 3912 797 3972 sodalitium
806 3911 901 3972 iurum
916 3915 1081 3984 argenteam
1089 3910 1321 3985 suppellectilem

150 4013 280 4075 Mauritii
300 4017 432 4078 electoris
447 4018 576 4078 cribrare
595 4016 738 4093 volebant,
761 4034 796 4080 ac
810 4019 911 4080 Iberus
927 4017 1042 4092 quidam
1057 4017 1164 4090 inipso
1180 4013 1257 4076 furto
1272 4016 1322 4076 de-

150 4119 308 4208 prehensus
324 4127 377 4183 est.

238 4226 279 4285 At
293 4243 356 4302 age,
378 4228 500 4301 domine,
520 4243 596 4301 pone
612 4241 699 4298 snper
714 4241 763 4286 eos
781 4227 992 4300 legislatorem,
1013 4226 1106 4284 sciant
1127 4230 1227 4299 gentes
1242 4224 1320 4298 qnod

148 4327 279 4390 homines
300 4333 359 4393 sint
379 4349 431 4406 per
450 4348 562 4392 sacram
575 4337 655 4391 tuom
679 4332 834 4391 mastusia.
880 4331 1002 4392 Domine
1022 4330 1102 4406 Jesu,
1126 4328 1240 4392 lamule
1261 4334 1320 4389 tuoe

148 4431 312 4504 κωπίω
324 4442 356 4497 et
375 4435 444 4498 ilia
467 4453 502 4498 oo
516 4437 616 4500 matris
630 4437 693 4510 ojus
715 4441 867 4497 memento.

1052 4539 1072 4598 2
1089 4535 1105 4569 *
