2940 4900
658 293 721 358 lae

89 470 178 530 cordis
194 471 290 544 nostri
306 489 430 533 summa
443 473 501 534 fide
517 479 546 534 et
560 474 667 547 pietate
682 477 916 546 asservarentur,
938 472 1022 544 juxta
1040 473 1124 532 illud:
1151 472 1215 531 «An
1231 491 1280 533 ne·

89 577 172 652 scitis,
196 577 278 649 quod
294 579 445 652 templum
460 579 515 637 Dei
531 579 599 637 estis
614 577 705 638 vosl«
723 583 777 636 etc.
813 579 852 638 Et
873 577 909 637 de
924 577 967 634 his
987 579 1127 650 prolixius
1148 578 1283 637 disseruit

89 682 122 739 ob
136 682 314 755 papisticam
335 683 548 757 idololatriam,
573 699 647 757 qna,
671 683 744 757 proh
765 682 855 757 dolor,
879 683 933 741 hoc
954 681 1000 740 die
1021 699 1120 741 rursus
1140 685 1216 743 vires
1236 685 1282 742 hio

88 785 213 859 recipere
238 787 344 860 coepit.
392 787 562 862 Ooarguens
585 788 668 845 istam
693 787 936 846 circumlationem
958 788 1078 860 hostiae,
1104 786 1139 850 de
1164 805 1220 862 qua
1244 803 1281 845 ne

85 889 143 959 jota
163 889 285 961 quidem
310 893 344 950 in
360 897 437 963 ‚tota
459 893 602 964 scriptura
622 907 644 949 s.
665 893 822 966 reperitur,
848 907 912 952 cum
931 895 1027 966 palam
1049 897 1160 951 constet
1179 909 1282 964 purum

87 991 227 1052 hominem
241 993 346 1054 Deum
364 1013 404 1056 ex
417 994 475 1056 fide
489 1000 690 1070 agnoscentem
709 996 810 1056 aedem
825 1011 943 1058 auream
963 973 1052 1071 ipsius
1068 1014 1140 1072 esse,
1165 999 1280 1070 qualem

88 1098 242 1168 puritatem
266 1104 299 1173 et
324 1102 503 1162 charitatem
526 1101 609 1162 nobis
632 1101 738 1188 largire
761 1101 896 1174 dignetur
919 1103 1010 1160 omnis
1033 1102 1193 1163 dilectionis
1216 1101 1281 1162 lons

90 1199 215 1262 Christus
235 1205 345 1264 Jesus.

144 1313 146 1318 ’
172 1309 200 1366 A
223 1312 381 1370 concione
398 1311 544 1371 Staoulurn
565 1327 583 1368 a
605 1310 742 1370 ScMeben
763 1294 914 1368 convenire
935 1310 1112 1384 volebamus,
1136 1327 1234 1370 verum
1255 1312 1280 1368 is

91 1409 169 1470 domo
184 1414 315 1474 abierat..
351 1416 563 1490 Marquardum
586 1414 731 1473 doctorem
752 1413 864 1473 obviam
885 1413 1045 1488 habuimus,
1070 1415 1119 1488 qui
1138 1414 1281 1472 salutatus

91 1521 118 1572 et
136 1525 259 1592 rogatus
284 1522 391 1580 omnia
413 1519 523 1580 iehcem
546 1522 654 1579 exitum
674 1520 810 1578 habitura
832 1520 985 1578 ominatur.
1024 1518 1081 1577 Sed
1103 1516 1213 1576 facilius
1237 1525 1281 1576 est

93 1620 167 1681 bona
180 1625 323 1696 polliceri
341 1642 428 1698 quam
444 1630 593 1698 praestare.
663 1637 668 1647 ·

177 1726 223 1787 De
238 1746 357 1804 pompa
372 1736 403 1789 et
417 1731 575 1790 cerealibus
590 1727 670 1788 festis
689 1729 776 1788 hodie
796 1727 902 1788 habitis
924 1744 982 1788 non
1003 1733 1047 1786 est
1070 1726 1185 1800 dignum
1207 1729 1277 1786 sori-

93 1829 167 1891 bere.

177 1940 296 2000 Eadem
314 1941 466 2003 conradus
481 1941 662 2016 Milohlinge
682 1941 816 2000 comitatu
835 1944 935 1998 nostro
955 1940 1034 1999 venit
1054 1935 1204 1998 fasciculos
1226 1937 1278 1994 ali-

18 2097 19 2100 ,
98 2049 163 2112 quot
176 2045 352 2106 litterarum
368 2047 501 2107 afferens.

18 2145 19 2150 ’
181 2148 367 2213 Benedictus
376 2154 456 2213 Deus
472 2153 521 2226 qui
536 2167 580 2210 me
595 2167 730 2223 meosque
746 2157 775 2210 et
789 2151 835 2209 hic
851 2156 880 2210 et
893 2153 924 2208 in
939 2151 1035 2224 patria
1050 2150 1079 2207 in
1094 2150 1171 2207 hunc
1185 2164 1277 2221 usque

99 2246 169 2308 diem
184 2253 350 2318 incolumes
366 2260 500 2319 servavit.

183 2358 265 2421 Nota
280 2363 320 2422 de
334 2363 415 2423 libris
432 2363 532 2436 graecis
553 2377 568 2420 e
590 2360 716 2434 Corcyra
734 2361 829 2418 insula
848 2358 988 2418 adductis.
1026 2357 1098 2415 Sunt
1118 2364 1212 2416 autem
1228 2375 1278 2416 vo-

101 2454 204 2522 lumina
220 2468 263 2524 45
281 2469 314 2528 in
329 2466 512 2542 membranis,
536 2473 565 2526 et
580 2473 646 2526 sunt
661 2466 769 2538 scripta
785 2464 989 2537 chrysostomi,
1014 2459 1145 2535 Gregorii
1164 2461 1276 2536 Nizeni,

100 2560 195 2626 Basilii
210 2576 316 2648 magni
336 2578 365 2632 et
384 2573 504 2632 aliorum
524 2572 705 2630 classicorum
727 2569 888 2629 authorum.
927 2569 984 2626 Res
1006 2570 1102 2624 autem
1125 2564 1160 2623 de
1179 2566 1223 2623 his
1245 2567 1279 2622 li-

102 2665 157 2728 bris
172 2675 214 2732 sic
228 2693 261 2736 se
276 2677 390 2738 habere
405 2675 505 2738 femur.
537 2677 685 2736 Mercator
700 2674 816 2748 quidam
831 2689 894 2732 cum
910 2671 1036 2744 Corcyra
1056 2671 1149 2729 insula
1171 2671 1277 2728 aTur-

103 2773 140 2831 cis
158 2760 327 2858 caneretur,
351 2785 464 2857 navigio
487 2783 601 2858 elapsus
624 2786 676 2839 est.
713 2781 741 2838 Is
762 2779 884 2838 cunrad
905 2794 984 2837 oram
1006 2776 1093 2834 maris
1116 2775 1275 2848 navigaret,

104 2876 176 2940 intra
199 2894 319 2948 carecta
342 2892 371 2946 et
387 2889 490 2962 juncos
512 2888 639 2944 marinos
662 2885 821 2944 naviculam
844 2883 911 2957 palo
934 2882 1081 2956 alligatam
1103 2880 1224 2952 reperit,
1249 2881 1278 2937 in

107 2997 158 3052 luc
171 2990 244 3048 nihil
264 2994 321 3052 nisi
342 2993 486 3051 volumina
506 2991 568 3049 haec
588 2995 740 3064 exportata
760 2992 852 3047 erant.
888 2987 1034 3046 Mercator
1053 2987 1149 3058 itaque
1171 3002 1207 3043 ea
1228 3002 1278 3044 vo-

106 3082 255 3155 luminam
271 3114 374 3158 navem
389 3113 469 3156 suam
484 3094 661 3154 transferens
676 3095 812 3154 Venetias
827 3109 923 3152 secum
943 3091 1070 3151 adduxit.
1107 3091 1164 3150 Ubi
1184 3097 1280 3150 autem

108 3205 199 3255 rumor
218 3201 306 3278 hayus
325 3203 454 3262 thesauri
474 3217 590 3276 sparsus
611 3205 665 3272 est,
689 3200 717 3258 d.
738 3199 886 3260 Masculus
907 3215 969 3256 oum
990 3195 1159 3270 magistratu
1180 3194 1278 3268 Augu·

108 3299 185 3358 steno
199 3307 271 3379 egit,
295 3311 328 3364 ut
341 3307 404 3366 haeo
418 3307 562 3366 volumina
577 3304 632 3363 sibi
646 3311 854 3376 compararent.
886 3303 940 3375 Qui
961 3303 1034 3360 tanti
1055 3301 1109 3360 viri
1129 3296 1296 3358 consilium'

110 3414 163 3461 non
183 3419 373 3484 aspernantes
395 3413 448 3471 hos
469 3411 557 3470 libros
576 3427 630 3484 pro
650 3409 727 3466 mille
746 3407 808 3467 fere
827 3399 922 3467 aureis
945 3406 1000 3464 erni
1020 3407 1158 3461 curarunt
1177 3408 1206 3460 et
1219 3402 1278 3459 Au·

17 3497 19 3571 Ϊῑ
111 3515 216 3575 t'ssslum
230 3515 349 3576 adferri.
379 3515 507 3576 Vidhnus
522 3515 609 3589 igitur
624 3514 677 3572 hoc
692 3513 739 3572 die
759 3513 790 3569 in
805 3510 928 3569 Musculi
949 3510 1059 3569 aedibus
1078 3507 1182 3566 horum
1202 3510 1279 3562 cata·

112 3607 200 3685 logum
214 3637 273 3680 una
289 3628 318 3681 et
331 3620 421 3680 libros
436 3621 554 3694 aliquot,
579 3619 625 3691 qui
642 3622 737 3676 tamen
759 3631 864 3687 magna
879 3618 1012 3688 exparte
1028 3613 1065 3671 ab
1080 3610 1180 3669 eodem
1195 3607 1276 3666 Mus.

113 3717 170 3777 ὓ1110
185 3723 327 3786 latinitate
344 3725 442 3784 donati
460 3731 536 3784 sunt.
568 3719 756 3794 wolfgangus
771 3719 920 3778 Masculus
936 3736 953 3778 a
968 3718 1068 3777 Dhusa
1083 3713 1278 3787 Lothoringiae

116 3826 244 3896 ⁰nnidulo
258 3831 395 3890 oriundus
412 3837 464 3904 est,
487 3830 567 3902 cujus
582 3826 727 3900 ingenium
747 3841 832 3897 quarn
852 3821 921 3883 felix
941 3825 987 3917 sit,
1012 3829 1040 3882 et
1059 3822 1126 3881 hine
1142 3821 1279 3879 aestimari

114 3932 211 4008 Mtest,
235 3937 311 4009 quod
329 3937 441 3995 litteras
463 3934 593 3994 arabicas
612 3932 673 3988 sine
693 3927 752 3989 ullo
772 3936 980 4005 praeceptorum
1001 3928 1170 3991 adminiculo
1193 3932 1223 3983 et
1237 3926 1277 3982 le-

117 4044 176 4100 dere
191 4046 219 4099 et
232 4042 392 4116 intelligere
408 4040 548 4099 didicerit:

197 4144 305 4205 Eadem
325 4146 392 4204 dum
414 4143 558 4204 Staculum
579 4159 597 4202 a
619 4140 758 4202 Schleben
779 4142 972 4214 quaritamus,
996 4155 1028 4196 re
1047 4138 1110 4208 ipsa
1128 4133 1206 4192 illum
1229 4129 1278 4188 he-

21 4244 22 4257 *
118 4243 206 4308 aterna
219 4250 266 4310 die
281 4251 311 4309 in
325 4247 485 4310 Marabiam
501 4247 661 4320 ablegatum
677 4248 869 4319 cognovimus.

197 4356 273 4416 Nota
289 4357 324 4415 de
338 4357 423 4414 Justo
439 4355 527 4428 Sophi
543 4359 572 4412 et
587 4353 749 4426 Walpurgi.

21 4545 22 4555 ἵ
142 4474 249 4526 Wuldeok.
864 4473 866 4478 ¹
1047 4451 1064 4505 9
