3028 4894
806 335 851 402 46

244 525 274 580 11
288 534 358 594 erga
369 532 448 578 1111.
479 515 542 578 Pax
557 515 663 577 Christi
678 522 723 578 est
736 533 794 591 pax
808 518 847 579 ad
861 517 954 578 Deum
970 523 999 580 et
1012 535 1070 594 pax
1085 517 1322 580 conscientiarum
1334 533 1403 578 1111

242 624 350 684 tenue
369 624 400 683 ln
414 621 538 685 Christo.
577 623 668 696 Quam
690 623 779 697 igitur
798 641 862 683 cum
885 622 1029 698 discipulis
1051 625 1146 685 tenuit
1166 639 1276 698 pacem,
1298 623 1367 682 hanc
1380 627 1405 682 11

243 729 300 790 illis
314 729 394 789 dedit
408 733 437 788 11
450 728 576 804 reliquit,
592 728 644 788 sed
659 729 717 787 suis
731 733 853 802 tuntum,
878 733 912 787 ut
926 734 956 788 11
969 725 1000 789 iu
1014 745 1098 789 11111
1121 734 1151 790 11
1165 730 1198 789 in
1213 733 1304 788 morte
1315 743 1406 800 pacem

244 836 306 908 ejus
322 839 351 893 et
365 849 430 892 cnm
444 833 506 907 ipso
520 835 674 893 retineant.
698 834 760 893 Pax
774 833 874 894 mundi
888 831 1244 920 quantumcunquefirmu,
1255 835 1406 892 inconstans

244 944 297 1014 est,
313 944 342 999 ct
357 955 415 998 non
430 939 485 998 uisi
501 937 539 997 ad
553 938 726 1012 impietatem
741 938 835 998 datur.
859 939 1008 999 11111111
1021 954 1104 1000 nemo
1118 954 1223 1013 pacem
1239 938 1308 998 darc
1321 939 1407 1010 potest

244 1049 351 1118 praeter
373 1059 461 1102 unum
475 1042 569 1101 Deum
589 1047 701 1117 putrem
723 1041 856 1102 etlilium
877 1045 939 1116 ejus
953 1044 1054 1104 Jesum
1069 1042 1225 1104 Christum.
1264 1041 1409 1103 Recensuit

245 1148 338 1208 obiter
352 1146 451 1206 mnndi
464 1147 609 1207 turbidam
627 1163 728 1220 pacem
752 1153 781 1208 et
795 1149 1031 1223 ingratitudinem
1051 1165 1120 1223 erga
1134 1149 1229 1209 bonos
1244 1149 1321 1208 viros
1336 1147 1369 1206 de
1382 1163 1409 1204 se

245 1253 352 1328 optime
366 1253 493 1312 meritos.
517 1251 590 1312 Esse
605 1253 720 1327 quidem
734 1255 784 1326 qui
798 1253 829 1313 in
837 1253 983 1314 heremum
1000 1259 1029 1313 et
1038 1255 1169 1314 caenobia
1184 1253 1341 1328 confugere
1353 1267 1410 1326 pue

154 1375 171 1392 ·
245 1357 316 1433 sint,
336 1360 385 1433 qui
400 1362 496 1418 autem
510 1357 645 1417 mnndum
661 1363 690 1417 11
704 1374 735 1417 11
750 1359 826 1430 ipsos
841 1360 1005 1433 relinquere
1020 1365 1141 1434 queant,
1158 1375 1323 1434 perpaucos
1336 1371 1411 1430 repe-

244 1465 307 1524 riri
336 1465 419 1524 Hanc
433 1464 522 1538 igitur
536 1479 636 1538 pacem
652 1463 758 1523 Christi
778 1479 831 1524 nos
846 1467 876 1523 et
891 1469 1026 1540 expetere
1037 1464 1124 1538 jussit
1139 1467 1169 1524 11
1183 1464 1308 1526 andem
1322 1475 1412 1536 pacem

246 1571 376 1632 omnibus
390 1576 524 1644 precatus
539 1576 591 1630 est.

334 1676 459 1748 Eadem,
481 1675 549 1735 dum
563 1675 645 1753 pueri
659 1675 690 1733 in
704 1675 834 1735 colliculo
853 1680 921 1734 aute
935 1672 1012 1733 ades
1028 1674 1148 1747 hospitis
1164 1673 1260 1734 nostri
1275 1677 1306 1731 et
1317 1669 1413 1730 ludunt

246 1785 276 1840 et
290 1781 437 1853 cursitant,
453 1778 610 1839 infantulus
625 1779 741 1853 quidam
757 1797 773 1840 1
786 1796 869 1840 muro
884 1779 922 1840 ad
936 1777 1101 1839 inferiorem
1114 1779 1243 1853 plateam
1259 1776 1372 1850 decidit,
1387 1778 1413 1832 et

247 1881 395 1944 brachium
414 1889 444 1942 et
458 1888 544 1957 caput
560 1884 668 1944 laesum.

334 1988 457 2050 Domine
471 1988 564 2063 Deus,
586 1986 662 2048 filius
676 1995 742 2048 tuus
763 1989 962 2050 dilectissimus
982 1990 1020 2052 ad
1033 1997 1062 2051 te
1078 2007 1115 2050 ex
1128 1989 1183 2052 hoc
1198 1988 1308 2048 mundo
1323 2001 1414 2048 ascen·

247 2094 317 2154 dens
332 2094 370 2155 ad
379 2109 445 2153 snos
456 2096 509 2156 ait:
526 2093 632 2153 Pacem
646 2093 777 2167 relinquo
791 2093 881 2169 vobis,
898 2111 999 2170 pacem
1010 2111 1103 2155 meam
1117 2093 1154 2156 du
1166 2095 1260 2170 uobis,
1277 2111 1334 2155 non
1348 2092 1414 2150 sicut

246 2198 369 2260 mundus
384 2216 448 2260 eam
462 2198 520 2274 dat,
545 2215 599 2274 ego
614 2197 651 2259 du
666 2200 756 2259 vobis.
786 2201 857 2259 Haec
872 2202 960 2276 igitur
974 2201 1064 2262 verba
1077 2199 1130 2260 filii
1144 2201 1187 2260 tui
1201 2201 1243 2261 ad
1258 2197 1415 2259 memoriam

246 2310 414 2366 revocantes
437 2305 600 2379 piissimam'
617 2304 819 2379 paternitatem
845 2312 924 2366 tuum
952 2306 1120 2381 suppliciter
1145 2319 1299 2379 rogamus,
1324 2315 1415 2378 paoem

246 2415 333 2486 tuam,
345 2427 431 2485 qaam
442 2426 494 2486 per
504 2409 732 2470 incredulitatem
745 2416 775 2470 et
787 2412 966 2486 iniquitatem
974 2411 1041 2470 vitae
1054 2411 1208 2486 emisimus,
1224 2411 1309 2471 nobis
1319 2405 1414 2467 redde!

246 2514 374 2578 Verbum
388 2521 468 2576 tunm
483 2517 564 2576 mobis
580 2515 718 2592 obtulisti,
735 2517 781 2576 aui
795 2533 892 2577 omnes
902 2517 1068 2578 restitimus.
1091 2516 1166 2576 Nam
1175 2532 1245 2589 pars
1257 2515 1333 2574 hane
1347 2511 1415 2571 saln-

246 2627 304 2684 tem
326 2629 453 2684 nostram
475 2624 662 2700 pertinaciter
684 2624 864 2698 repellimus,
894 2622 1023 2681 nonnulli
1045 2638 1114 2682 vero
1137 2639 1173 2681 ex
1194 2623 1279 2680 nobis
1303 2617 1415 2679 verbum

247 2733 328 2788 tuum
342 2745 377 2788 ex
392 2730 448 2789 imo
463 2734 578 2804 pectore
594 2729 791 2804 amplectimur
811 2732 840 2787 et
859 2733 888 2788 tc
903 2723 1081 2788 confitemur.
1119 2725 1196 2785 Dum
1209 2727 1302 2802 igitur
1316 2725 1376 2783 siue
1388 2725 1415 2778 11

248 2832 328 2894 nulla
342 2833 424 2893 nobis
439 2849 509 2894 vcra
522 2834 568 2894 vel
581 2835 696 2907 requies
715 2835 761 2892 vel
775 2850 833 2907 pax
847 2833 1008 2907 contingat,
1032 2847 1085 2890 nec
1099 2832 1138 2890 sit
1151 2831 1232 2905 alius,
1259 2832 1310 2905 qui
1323 2840 1415 2889 veram

247 2950 347 3011 pacem
368 2937 438 2997 dare
458 2943 559 3012 queat,
580 2939 777 3011 redintegrato
799 2939 829 2996 in
850 2937 964 2998 dominu
985 2941 1085 2998 nostro
1099 2937 1171 2997 Jesu
1186 2935 1302 2996 Ohristo
1322 2945 1415 3008 paoem

249 3039 403 3116 nobiscum,
420 3057 505 3116 quam
519 3042 640 3101 mundus
655 3041 725 3101 dare
740 3057 798 3102 non
813 3047 918 3117 potest,
933 3048 965 3102 ut
980 3044 1018 3102 sit
1032 3059 1090 3116 pax
1104 3041 1287 3101 conscientiis
1303 3036 1413 3104 nastris,

250 3160 307 3219 quo
321 3150 351 3205 et
364 3151 394 3206 te
409 3163 444 3208 ex
458 3151 520 3206 toto
535 3145 621 3206 corde
636 3162 734 3206 amare
754 3151 784 3205 11
801 3163 901 3221 pacem
920 3164 983 3206 aum
997 3148 1128 3223 proximo
1142 3146 1413 3235 haberaualeamus,

250 3252 296 3311 oui
316 3267 380 3310 cum
402 3249 462 3312 lilio
480 3256 510 3310 11
523 3251 627 3327 spiritu
648 3257 747 3311 sancto
770 3254 862 3311 omnis
881 3257 1025 3327 potestus,
1048 3253 1198 3326 imperium
1220 3259 1252 3312 et
1272 3254 1362 3312 honos
1380 3245 1415 3304 sit

249 3372 326 3417 nnnc
341 3362 369 3416 et
383 3357 413 3417 in
428 3359 603 3433 sempiterna
617 3357 722 3416 secula.
745 3357 846 3416 Amen.

337 3463 446 3526 Ultima
459 3463 568 3538 Aprilis
582 3463 612 3522 in
626 3463 733 3537 templo
747 3462 891 3522 Mimorum
906 3463 984 3522 intra
999 3464 1128 3534 quintam
1143 3468 1172 3522 et
1187 3468 1319 3536 quartam
1333 3460 1413 3518 horae

249 3569 277 3630 d.
300 3567 484 3631 Leonardum
510 3587 546 3630 ex
571 3570 665 3643 capite
691 3568 768 3642 xxvij
790 3565 924 3627 Matthaei
945 3567 1181 3627 sermocinantem
1202 3566 1360 3627 audivimus
1380 3559 1413 3618 de

249 3673 345 3734 verbis
359 3675 571 3736 Pharisaeorum
590 3676 628 3735 ad
648 3675 774 3736 Pilatum
796 3673 833 3732 ob
854 3672 1011 3731 custodiam
1031 3671 1176 3747 sepulchri
1198 3672 1347 3744 dominici,
1368 3665 1412 3724 ubi

249 3779 325 3836 inter
338 3781 450 3850 reliqua
465 3780 520 3852 ait,
535 3794 593 3837 mon
608 3779 713 3839 debere
728 3779 810 3838 nobis
823 3779 929 3837 mirum
942 3777 1046 3852 uidem,
1063 3779 1087 3836 si
1102 3775 1138 3837 de
1153 3777 1237 3838 nobis
1251 3793 1309 3836 nom
1322 3770 1413 3836 omnia

249 3896 303 3956 pro
318 3897 402 3954 aequo
421 3888 451 3941 et
465 3881 671 3958 dec0r0·(licet
684 3879 833 3957 inculpati)
858 3883 962 3942 alicubi
984 3898 1128 3959 essemus,
1151 3883 1331 3956 dicerentur,
1353 3890 1412 3936 1111

249 3987 312 4047 haec
328 3986 442 4046 domino
456 3985 626 4060 acciderint,
643 3991 672 4045 ct
687 3988 897 4046 meminerimus
912 4005 979 4062 nos,
1001 3991 1051 4062 qui
1066 3988 1172 4048 Christi
1186 3989 1300 4046 numine
1315 3981 1412 4060 gloria

249 4110 323 4167 mur,
339 4091 493 4166 discipulos
508 4105 584 4162 esse,
602 4095 631 4148 et
645 4090 723 4162 quod
738 4090 892 4166 discipulus
907 4109 965 4153 non
979 4110 1067 4167 supra
1080 4093 1256 4168 magistrum,
1272 4087 1411 4151 autetiam

250 4203 443 4274 postmortem
453 4197 601 4258 mendacia
615 4197 767 4271 intentant,
783 4197 898 4271 planum
913 4215 978 4258 1111
992 4204 1022 4258 11
1035 4201 1215 4260 seductorem
1228 4196 1411 4256 nominantes.

250 4303 322 4363 Item
343 4304 379 4363 de
400 4304 548 4362 commisso
563 4302 667 4377 Pilati,
691 4303 755 4376 qui,
777 4303 891 4361 11111111
910 4304 1101 4363 innocentiam
1122 4303 1228 4363 Christi
1245 4301 1333 4375 probe
1352 4309 1410 4370 per·

250 4413 376 4484 spectem
387 4409 520 4470 habuerit
531 4412 561 4470 et
573 4401 710 4470 invidiam
719 4424 817 4470 eorum
831 4407 1018 4484 sauciaverit,
1033 4409 1091 4472 imo
1102 4409 1214 4486 reipsa
1227 4405 1410 4482 experiretur,
