3028 4894
744 373 787 445 85

176 561 315 638 ιιιιιιιιιι,
338 563 388 624 ubi
403 563 587 636 conqueritur
600 563 705 622 multos
720 577 797 637 ossa,
819 563 870 634 qui
882 563 1008 636 parietes
1022 579 1198 624 marmoreos
1218 565 1345 640 exigant,

176 669 281 728 altaria
296 669 417 743 gemmis
431 673 462 726 ct
476 683 548 726 auro
564 673 677 742 ornent,
693 669 889 727 ministrorum
905 673 1000 728 autom
1016 669 1123 728 nullam
1137 667 1202 728 fieri
1218 669 1345 742 abactio

177 791 242 834 nem
256 779 311 833 etc.
335 772 478 848 idipsum
493 788 607 848 quoque
617 773 765 832 Masculus
779 789 814 832 ex
829 775 892 833 aliis
907 779 1020 847 patrum
1032 774 1114 833 dictis
1126 773 1263 850 probans,
1279 791 1346 834 con·

178 893 315 954 quereus,
339 879 393 938 etsi
409 883 507 952 patres
522 893 581 936 non
596 878 627 936 iu
642 877 771 937 omnibus
787 894 885 938 eorum
901 880 1014 953 scriptis
1034 879 1175 953 probandi
1195 881 1265 954 sint,
1289 895 1347 939 non

177 989 273 1044 amen
287 985 392 1058 ιιιιιοιι
407 983 556 1058 diligentia
571 982 609 1042 ob
619 979 797 1070 ,adversariis
812 983 842 1042 in
857 985 977 1058 singulis
993 985 1137 1058 explorari
1152 989 1208 1045 etc.
1234 984 1345 1060 Propo·

179 1089 234 1146 suit
248 1094 392 1161 practerea
407 1089 618 1150 ordinationem
632 1087 826 1146 ministrorum
846 1105 898 1161 per
919 1092 1048 1165 papistas
1068 1095 1098 1149 et
1116 1107 1170 1165 per
1192 1091 1348 1150 antithesin
1442 1087 1446 1092 “

178 1194 387 1268 ministrorum,
409 1210 481 1266 quos
497 1194 615 1268 spiritus
630 1195 792 1266 paracletus
808 1200 892 1253 vocat
906 1200 937 1254 et
950 1195 1082 1254 instituit.
1113 1195 1186 1254 Item
1201 1212 1258 1268 quo
1273 1197 1346 1256 rcci-

180 1299 273 1358 derint
292 1315 341 1358 ros
360 1299 502 1372 ecclesia,
531 1297 664 1356 nimirum
683 1295 721 1356 ad
740 1299 869 1380 speciosa
888 1300 990 1372 verba,
1020 1300 1127 1373 templa
1147 1301 1284 1374 regaliter
1303 1302 1347 1359 in-

179 1407 297 1477 structa,
313 1404 465 1462 missarum
479 1402 744 1476 contaminationes,
761 1401 828 1462 dum
842 1403 958 1463 interim
972 1401 1168 1477 negliguntur,
1185 1405 1235 1477 qui
1245 1406 1349 1478 spiritu

180 1511 208 1566 et
222 1509 344 1567 ιιιιιιιι
359 1509 505 1581 instructi,
521 1507 724 1565 mansiunculae
738 1512 983 1567 sacramentorum
998 1507 1043 1585 (ut
1057 1507 1172 1584 vocant)
1188 1515 1268 1584 sunt,
1285 1525 1349 1568 cum

179 1611 255 1672 ades
266 1627 357 1671 aurea
371 1617 468 1673 tamen
481 1612 521 1670 sit
534 1627 624 1686 purus
639 1611 733 1686 homo,
751 1614 800 1686 qui
815 1610 871 1672 lide
886 1613 1005 1673 verbum
1019 1613 1074 1673 Dei
1089 1613 1277 1688 amplectatur
1293 1619 1347 1673 etc.

180 1715 219 1774 Et
231 1717 274 1776 ita
289 1717 326 1776 dc
340 1717 463 1776 veriats
479 1715 585 1790 docuit,
600 1722 634 1775 ut
647 1733 745 1776 veram
758 1716 854 1792 fidem,
871 1719 1063 1778 constantiam
1078 1723 1107 1777 ot
1117 1718 1276 1777 doctrinam
1287 1719 1349 1792 eius

180 1823 251 1880 satis
266 1822 367 1881 mirari
382 1823 488 1896 possis,
510 1823 702 1896 praescntibus
716 1822 797 1896 lupis
807 1829 838 1882 et
851 1839 920 1882 ursa
933 1828 1019 1898 rapto
1035 1823 1130 1883 catulo
1148 1839 1213 1882 cnm
1228 1825 1348 1883 circum·

181 1924 328 2000 dantibus,
350 1941 405 1984 noc
425 1943 482 1986 non
502 1933 532 1986 et
553 1927 670 2001 aquilis,
692 1943 765 1986 unus
786 1928 833 1986 hie
847 1927 995 1989 Musonius
1010 1929 1093 1988 bonis
1107 1926 1304 1988 fulcimentum
1318 1929 1350 1986 iu

182 2029 296 2090 Christo
307 2030 445 2104 Augusta
455 2031 624 2104 degentibus
634 2031 816 2107 adversariis,
831 2033 950 2092 malleus
965 2038 1116 2093 conterens
1131 2040 1244 2108 petram
1258 2033 1352 2094 videri

181 2141 285 2211 potem
308 2137 343 2195 In
359 2135 602 2196 obsecrationibus
617 2138 710 2197 oravit
725 2139 812 2197 etiam
826 2154 879 2210 pro
895 2139 930 2196 iis
946 2139 996 2210 qui
1010 2141 1040 2197 in
1054 2139 1174 2199 morulis
1189 2140 1226 2199 ob
1238 2137 1307 2198 coni
1336 2170 1348 2181 -

181 2243 291 2301 sionem
305 2243 434 2302 ιιιιιιιιι
450 2240 656 2316 detinerentur,
673 2257 706 2301 ac
721 2258 774 2315 pro
788 2242 960 2315 christianis,
977 2245 1027 2316 qni
1039 2246 1070 2302 in
1079 2246 1274 2319 captivitatem
1287 2250 1349 2302 tur-

182 2348 273 2406 cicam
285 2347 418 2407 translati
433 2353 510 2407 sunt.
533 2348 600 2406 Non
616 2348 705 2420 enim,
726 2349 833 2421 inquit,
857 2363 891 2406 eo
907 2349 962 2420 ipsi
976 2353 1043 2407 sunt
1057 2349 1185 2422 pejores,
1208 2348 1285 2420 quod
1299 2349 1349 2407 ab·

182 2451 260 2510 ducti
274 2455 342 2511 suut
358 2457 387 2511 ct
402 2454 455 2512 rub
470 2456 551 2512 tanto
566 2458 691 2525 tyranno
707 2453 814 2512 vivunt.
848 2451 952 2534 ancs
968 2453 1043 2511 enim
1057 2458 1221 2525 peccatores
1244 2467 1349 2527 sumus,

183 2558 367 2616 etiamsinon
383 2559 480 2617 statim
494 2557 564 2616 ultio
580 2557 669 2629 adsit,
690 2557 774 2628 juxta
788 2557 877 2617 verba
893 2555 999 2615 Christi
1015 2557 1051 2616 dc
1066 2556 1207 2632 Galilaia,
1227 2572 1351 2630 quorum

183 2662 350 2736 sanguinem
364 2661 474 2722 Pilatus
490 2678 552 2721 cum
567 2661 687 2720 victimis
707 2662 868 2720 miscuerat.
902 2662 1078 2736 Perpulchra
1098 2661 1246 2719 Musonius
1264 2661 1351 2720 ritum

182 2765 318 2840 loquendi
332 2767 500 2841 papisticnm
519 2768 581 2826 «Er
595 2767 647 2825 hat
662 2767 722 2824 sich
736 2765 904 2825 berichtcnn
918 2767 1052 2826 lasscnn»
1070 2783 1123 2840 pro
1138 2783 1187 2842 eo,
1209 2767 1286 2839 quod
1307 2767 1350 2826 di·

184 2873 284 2946 cimus,
309 2878 552 2932 sacramentorum
566 2889 596 2930 ss
611 2871 781 2945 participem
795 2868 862 2930 iecit
878 2871 954 2950 (cum
969 2877 1066 2933 ιιιιιιιι
1080 2887 1179 2932 earum
1194 2887 1292 2930 rerum
1305 2871 1352 2932 uei

184 2978 242 3036 sint
257 2976 352 3037 edocti
366 2978 411 3037 uel
428 2976 530 3052 sciant)
547 2976 720 3050 explanavit.

230 3139 234 3148 ,
271 3081 400 3142 Vidimus
414 3083 445 3139 in
460 3081 522 3140 ιιιιι
538 3080 668 3140 Mauritii
681 3081 713 3138 in
727 3082 802 3140 atrio
817 3079 946 3141 inferiori
962 3083 1060 3157 templi
1075 3099 1156 3142 aram
1171 3089 1305 3157 erectam,
1321 3083 1352 3140 in

185 3202 241 3259 qua
256 3202 340 3246 caeno
354 3186 470 3245 Domini
484 3186 623 3245 celebrari
638 3186 724 3260 solet,
741 3186 779 3245 ad
793 3189 874 3262 cujus
889 3188 982 3247 latera
996 3188 1064 3247 hinc
1079 3193 1108 3247 et
1121 3187 1188 3246 hinc
1201 3189 1354 3261 sequentia

183 3292 213 3349 in
227 3297 327 3351 nostra
340 3292 440 3365 lingua
452 3291 591 3350 Actorum
609 3293 626 3348 2
645 3291 789 3366 descripta
802 3297 898 3352 erant:
914 3293 964 3352 ‘Sia
975 3292 1111 3353 bliebenn
1121 3293 1191 3353 aber
1202 3291 1354 3366 hostendig

183 3397 213 3456 in
227 3397 281 3458 der
294 3393 425 3472 Apostoll
440 3395 528 3470 Lehr,
544 3395 688 3456 vnndinn
703 3396 755 3454 der
770 3395 1000 3471 Gemeinschafft,
1016 3398 1074 3456 vnd
1087 3399 1127 3456 im
1140 3381 1354 3458 brotbrechenu

184 3501 262 3562 vnnd
278 3499 379 3560 Gcbct.
403 3502 475 3560 Item
491 3500 618 3561 Corinth.
638 3504 687 3560 10.
711 3502 761 3560 Ihr
771 3509 886 3575 mueget
903 3504 959 3559 nitt
975 3501 1067 3575 gleioh
1084 3501 1256 3575 theilhalltig
1272 3501 1354 3559 scinu

185 3605 233 3666 dea
249 3605 351 3665 Tischs
370 3605 425 3664 des
447 3605 573 3666 herrenn
595 3607 673 3666 vnnd
696 3606 747 3666 der
770 3603 891 3664 Teuffell
914 3605 1014 3679 Tisoh,
1037 3607 1087 3666 Ihr
1107 3612 1221 3682 muegct
1242 3607 1285 3667 nit
1303 3623 1353 3666 zu·

185 3712 277 3784 gleich
291 3711 443 3770 trinchenn
459 3711 510 3770 des
525 3711 640 3776 Herren
655 3711 747 3769 Keluh
762 3711 818 3770 vnd
833 3710 885 3770 der
901 3709 1021 3770 Teuffell
1034 3711 1136 3771 Kclch,

273 3815 416 3874 hudonem
429 3815 529 3889 populi
542 3814 704 3890 Augustani
718 3816 765 3875 vel
778 3816 874 3890 potius
889 3816 1075 3889 parvulorum
1090 3834 1160 3893 erga
1174 3816 1294 3879 verbum
1309 3817 1354 3877 di·

185 3921 282 3980 vinum
297 3936 334 3978 ex
347 3919 402 3979 hoc
417 3936 452 3979 ea
466 3919 512 3980 dio
527 3919 781 3996 consideravimus,
803 3920 882 3994 quod
896 3922 1039 3994 quendam
1054 3925 1242 3998 provectioris
1261 3923 1356 3982 ιιιιιιι

184 4022 328 4088 hominem
343 4023 475 4098 vidimus,
492 4025 542 4096 qui
556 4040 672 4084 mancus
687 4031 717 4084 et
732 4025 850 4086 claudus
866 4025 976 4086 duabus
992 4029 1162 4102 bipennibus
1177 4027 1293 4085 innixus
1308 4025 1357 4084 vix

185 4143 262 4204 egra
276 4128 363 4189 tibias
377 4131 496 4196 trahens
517 4130 623 4203 gradus
643 4131 753 4204 aliquot
772 4132 937 4192 conscendit
956 4133 1087 4205 veniens,
1111 4131 1149 4190 ad
1171 4145 1301 4204 scamna,
1325 4129 1360 4186 in

186 4234 289 4308 quihus
304 4234 552 4309 nos-sedebamus,
570 4251 623 4294 nec
637 4235 692 4296 hoc
706 4237 749 4295 illi
764 4239 834 4299 satis
850 4242 926 4310 erat,
943 4236 994 4297 ssd
1008 4242 1152 4308 ιιιιιιιιιιιιι
1166 4234 1275 4309 potuit,
1291 4250 1358 4308 por·

185 4341 237 4398 dm
246 4346 378 4414 reptans,
397 4341 504 4415 partim
516 4355 651 4399 manuum
666 4357 755 4416 opera
769 4349 852 4402 utens
866 4342 897 4399 in
912 4343 1061 4415 superiora
1076 4357 1192 4401 scamna
1207 4357 1224 4399 ι
1237 4340 1356 4412 regiona

187 4445 439 4520 ecclesiastis-quo
455 4443 629 4513 commodius
645 4446 710 4506 coeli
723 4461 886 4520 preconem
900 4446 1002 4506 audire
1016 4451 1127 4520 posset,
1142 4442 1281 4506 consedit.

397 4564 401 4572 .
1100 4549 1118 4606 3
1130 4546 1146 4582 ιι
