2966 4900
774 357 838 422 182

217 549 331 616 rentur,
352 543 434 600 nohis
449 557 498 600 eas
513 537 628 613 legendi
644 543 727 614 copia
742 540 870 598 daretur.
910 535 1013 596 Seldns
1033 534 1069 594 de
1089 540 1224 609 tempore
1237 549 1268 591 se
1281 532 1374 605 cogita-

218 653 316 706 turum
331 646 475 719 promisit,
496 651 527 704 et
540 644 564 702 si
583 662 641 717 qua
659 643 722 704 fiori
737 647 848 718 posset,
871 657 903 700 se
921 645 1159 715 procuraturum,
1183 643 1217 696 ut
1231 637 1376 712 pancissimi

217 750 361 824 adessent,
383 749 451 826 dnm
471 748 508 808 ad
528 748 616 822 pedes
631 750 745 808 caesaris
760 747 987 823 procumberem.
1034 745 1090 818 Da,
1108 743 1229 802 domine
1245 741 1320 814 dens,
1334 754 1377 797 nos

217 855 270 914 sah
284 855 398 927 potenti
412 870 498 912 mann
513 860 563 912 tua
577 852 731 925 humiliari,
746 853 890 910 hominem
904 855 1001 910 autem
1015 866 1073 908 non
1089 849 1178 908 aliter
1194 863 1229 906 ac
1244 844 1379 904 mortalem

215 960 353 1017 revereri.
380 957 486 1030 Rediit,
503 957 576 1030 proh
592 958 684 1029 dolor,
707 955 794 1014 rediit
807 954 1017 1028 Aegyptiorum
1032 952 1176 1011 adoratio.

306 1058 415 1118 Eadem
423 1058 559 1120 Galacteo
575 1066 605 1120 et
612 1059 717 1118 Lindio
733 1060 918 1132 cnmhospite
934 1060 970 1118 de
985 1075 1071 1119 censu
1085 1053 1294 1116 hebdomadali
1307 1065 1381 1124 agere

216 1164 377 1238 injunctum
392 1170 444 1223 est.
468 1164 507 1221 At
521 1165 627 1238 hospes
642 1164 879 1222 consultationem
892 1165 924 1220 in
938 1163 1094 1222 crastinum
1109 1161 1207 1235 petiit.

305 1285 344 1326 xx
358 1269 439 1328 Junii
453 1269 600 1328 Masculus
614 1269 688 1328 hora
703 1274 732 1327 et
744 1268 809 1325 loco
824 1268 968 1326 consuetis
984 1265 1093 1337 eadem,
1106 1281 1173 1338 quae
1183 1264 1251 1324 heri
1265 1277 1316 1336 pro
1324 1273 1380 1317 oon·

217 1372 298 1432 ciona
312 1373 431 1446 legerat,
448 1375 572 1447 repetiit.
590 1354 717 1431 'Addida
732 1377 828 1430 autem
842 1371 887 1444 iis,
910 1385 973 1444 quae
988 1348 1125 1428 hesterno
1141 1369 1190 1427 die
1207 1367 1245 1426 de
1260 1379 1381 1440 persecu·

217 1477 296 1534 tione
313 1477 437 1536 dixerat:
462 1475 573 1548 Jndaei,
596 1482 629 1534 ut
652 1476 792 1550 audistis,
808 1474 952 1534 Christum
973 1475 1119 1548 persecuti
1137 1479 1231 1546 sunt,
1248 1468 1322 1544 qnod
1335 1483 1382 1524 non

217 1586 295 1638 esset
309 1596 394 1638 verus
409 1581 539 1640 Messias
564 1581 670 1640 Gentes
686 1597 754 1639 varo
775 1581 847 1638 nihil
870 1585 1015 1638 morantes
1029 1595 1130 1638 verum
1150 1577 1236 1636 illum
1251 1574 1382 1634 Christum

216 1687 267 1741 aut
281 1682 532 1744 Pseudochristum
547 1686 669 1759 apostoli
684 1689 713 1743 et
727 1689 869 1756 martyres
885 1681 1100 1753 confiterentur,
1122 1682 1177 1770 sed
1191 1682 1302 1752 absque
1317 1673 1382 1736 omni

216 1786 378 1845 differentia
400 1789 561 1860 quicunqne
587 1789 700 1846 Christo
715 1789 831 1846 nomina
847 1787 998 1870 dederint,
1021 1793 1233 1859 persequentes
1248 1779 1382 1855 suppliciis

216 1886 373 1948 afficerent.
397 1891 477 1948 luter·
491 1890 772 1963 pseudochristianos
787 1908 855 1949 vero
871 1896 900 1950 et
915 1887 1002 1949 etiam
1020 1891 1097 1948 inter
1112 1907 1164 1950 nos
1182 1889 1301 1964 qnidam
1315 1886 1381 1952 sunt,

216 1994 266 2065 qni
287 1993 365 2052 bona
387 1993 473 2078 animi
496 1993 655 2052 intentione
676 2001 705 2053 et
728 2012 765 2054 ex
784 2000 845 2054 toto
866 1995 953 2053 corde
973 1994 1142 2053 christianos
1165 1995 1380 2068 persequuntur,

216 2114 276 2156 non
289 2097 326 2154 ob
341 2096 420 2155 aliud
435 2113 521 2168 quarn
536 2099 613 2168 quod
628 2115 646 2158 a
666 2100 809 2158 nonnullis
824 2099 955 2172 persuasi
969 2099 1039 2172 sint,
1062 2116 1111 2157 eoa
1127 2100 1229 2159 vivere
1244 2104 1274 2157 et
1288 2097 1380 2154 dooere

124 2283 127 2290 Α
217 2204 318 2258 contra
333 2205 478 2276 receptam
494 2201 654 2275 doctrinam
668 2208 698 2262 et
713 2220 785 2275 eam,
806 2205 837 2260 in
852 2219 910 2275 qua
923 2203 978 2276 ipsi
993 2203 1106 2262 educati
1127 2209 1157 2262 et
1171 2202 1300 2263 instituti
1314 2199 1380 2267 snut,

217 2320 251 2364 ac
265 2304 305 2362 sic
320 2321 378 2378 coe,
395 2307 445 2378 qui
460 2307 505 2366 vel
520 2307 671 2380 purissime
688 2308 800 2381 docent,
817 2308 894 2379 quod
908 2307 1068 2382 videantur,
1091 2309 1160 2368 dum
1181 2306 1344 2368 idolatriam
1357 2304 1381 2357 et

216 2408 323 2468 abusus
338 2411 499 2484 corripiunt
518 2428 553 2472 ac
575 2413 717 2470 sinceram
736 2411 894 2471 doctrinam
912 2413 1074 2471 restitutam
1089 2415 1218 2488 cupiunt,
1243 2408 1381 2472 ecclesiam

216 2515 388 2586 perturbare
408 2531 516 2574 summe
535 2519 759 2589 persequuntur,
782 2512 989 2588 zoloquidom,
1011 2517 1252 2590 quemadmodum
1268 2515 1380 2573 testatur

216 2619 324 2678 Paulus
348 2618 383 2678 de
398 2619 521 2695 Judaeis,
546 2620 597 2678 sed
617 2639 675 2680 non
695 2618 850 2678 secundnm
869 2621 1024 2679 scientiam.
1062 2622 1116 2680 Est
1138 2627 1236 2680 antem
1254 2626 1284 2680 et
1298 2615 1381 2677 adhuc

217 2723 296 2781 aliud
311 2729 418 2797 praeter
438 2725 492 2784 hoc
511 2731 726 2797 persecutorum
746 2741 850 2798 genus,
872 2726 1006 2782 nimirum
1026 2741 1140 2800 eornm,
1162 2728 1212 2799 qui
1228 2743 1261 2784 se
1276 2723 1380 2782 sanctos

216 2825 318 2908 haberi
333 2829 445 2902 volunt,
466 2831 569 2888 ceteris
589 2830 674 2902 longe
696 2829 866 2888 eruditiores
888 2834 916 2888 et
937 2831 966 2886 in
981 2831 1092 2902 magnis
1106 2830 1268 2889 honoribus
1284 2823 1381 2898 degmt

216 2935 245 2986 et
260 2932 309 3002 qni
323 2931 403 2989 lucro
418 2933 561 2989 inhiantes
576 2933 665 2990 verbo
682 2939 893 3007 cauponantur,
916 2937 945 2991 et
963 2934 1076 2992 tametsi
1098 2936 1189 3006 probe
1203 2933 1379 3008 perspectum

216 3030 359 3103 babeant,
381 3034 556 3107 doctrinam,
580 3052 635 3107 que
651 3036 832 3109 praedicatur,
849 3054 947 3096 sanam
963 3043 992 3095 et
1005 3054 1104 3098 veram
1119 3055 1190 3112 esse,
1206 3043 1305 3096 tamen
1320 3031 1378 3105 quid

217 3138 345 3193 ventrem
361 3152 413 3208 pro
430 3136 484 3195 deo
499 3137 606 3195 habent
625 3145 654 3196 et
668 3144 799 3198 metuunt
818 3157 855 3198 ne
878 3142 947 3214 quid
960 3143 1007 3201 val
1020 3142 1176 3202 honoribus
1192 3144 1251 3201 suis
1268 3141 1313 3201 vel
1325 3137 1379 3194 lall-

216 3237 300 3295 dibus
315 3238 436 3298 abcedat
451 3239 534 3314 (nihil
550 3243 624 3299 enirn
640 3242 718 3301 aliud
733 3243 785 3302 suh
800 3250 943 3317 praetextu
952 3246 1098 3320 religionis
1114 3245 1259 3322 quaerunt)
1276 3235 1308 3304 hi
1318 3255 1376 3316 per·

215 3343 388 3403 tinacissirno
411 3344 477 3404 odio
498 3345 642 3404 Christum
666 3351 695 3406 at
716 3364 783 3406 snos
802 3356 1021 3423 persequuntur,
1045 3351 1143 3422 quales
1158 3349 1277 3410 fuerunt
1290 3343 1376 3423 ponti·

215 3446 284 3507 fices
301 3466 336 3507 aa
349 3449 484 3522 pharisaei
499 3457 528 3510 et
543 3451 644 3510 scribae
660 3451 736 3523 apud
749 3451 768 3509 J
770 3452 881 3524 ndaeos,
903 3450 941 3509 ad
956 3469 1027 3524 quos
1043 3453 1172 3513 Christus
1187 3457 1243 3514 ait:
1267 3457 1318 3516 Vae
1332 3463 1375 3507 vo·

214 3552 259 3612 bis
275 3555 376 3612 scribae
393 3572 427 3613 ao
441 3555 587 3630 pharisaei,
605 3557 654 3628 qni
670 3556 722 3614 snb
737 3560 879 3628 praetextu
893 3555 987 3628 longae
1003 3559 1140 3618 orationis
1157 3565 1186 3618 et
1199 3575 1316 3632 precum
1330 3554 1375 3613 do·

214 3672 276 3714 mos
291 3659 442 3716 viduarum
467 3666 496 3717 et
517 3661 692 3734 pupillorum
713 3661 856 3718 devoratis
876 3663 929 3718 etc.
953 3661 993 3718 Et
1006 3663 1036 3720 hi
1051 3679 1164 3737 semper
1178 3664 1280 3738 pietati
1299 3672 1376 3720 nocu·

214 3764 283 3814 runt
297 3760 381 3817 etiam
392 3763 470 3834 apud
483 3763 619 3821 ethnicos.
659 3765 743 3822 Tales
757 3766 832 3823 anim
844 3769 873 3822 et
884 3769 967 3822 erant
976 3766 1125 3839 aurifabri,
1142 3769 1192 3840 qui
1205 3763 1376 3827 fabricabant

215 3861 328 3919 arculas
349 3868 378 3921 et
401 3863 522 3923 delubra
541 3867 642 3924 Dianae
661 3867 703 3924 illi
717 3853 864 3941 Ephesiae,
885 3867 984 3926 Actor.
1005 3873 1043 3928 19
1061 3875 1114 3928 eto.
1154 3873 1239 3931 Tales
1256 3879 1285 3931 et
1297 3867 1374 3930 hodia

214 3965 308 4026 nostri
324 3973 390 4026 sunt
405 3967 579 4043 adversarii,
604 3971 718 4028 omnino
738 3973 884 4032 sanctitati
905 3989 965 4030 suae
985 3973 1144 4033 tribuentes
1165 3981 1194 4034 et
1216 3991 1268 4035 sno
1288 3969 1375 4035 ventri

213 4076 381 4130 metuentes.
422 4071 584 4130 Secundum
603 4091 671 4134 vero
685 4074 741 4134 hoc
755 4083 970 4149 persecutorum
989 4094 1080 4151 genus
1096 4084 1152 4152 est,
1176 4080 1224 4153 qui
1240 4079 1373 4138 destinato

213 4174 307 4233 animo
329 4176 450 4232 scientes
475 4181 504 4234 et
527 4177 571 4233 sni
590 4179 663 4238 lucri
683 4195 718 4237 ao
738 4181 856 4238 honoris
878 4183 973 4254 gratia
990 4185 1096 4256 agnita
1110 4183 1226 4242 veritali
1240 4178 1375 4242 conhadi·

213 4282 282 4335 cunt
298 4283 326 4336 et
342 4278 403 4349 ejus
419 4284 579 4368 assertores
594 4283 706 4356 clausis,
727 4289 760 4342 nt
774 4283 886 4358 dicitur,
910 4287 999 4346 oculis
1014 4291 1233 4360 persequuntur.
1271 4285 1373 4345 Horum

213 4380 289 4439 salus
306 4380 488 4456 desperanda
510 4393 553 4446 est
575 4389 676 4459 etjam
691 4403 768 4446 nnnc
781 4388 811 4445 in
825 4389 928 4461 laqueo
951 4389 1059 4452 diaboli
1075 4397 1105 4451 et
1117 4391 1299 4451 damnatione
1313 4403 1373 4466 per·
