3028 4894
722 283 766 350 49

246 465 319 527 Heri
341 466 458 527 domina
479 467 613 543 princeps
635 465 713 542 apud
732 463 960 542 Ferdinandum,
984 467 1070 528 hodie
1089 468 1168 544 apud
1189 468 1331 531 Gaesarem

155 585 272 631 causam
289 573 350 645 agit
364 588 453 631 suam.

244 677 376 736 Vidimus
391 677 469 752 apud
484 674 606 735 eundem
622 675 774 737 Otthonem
793 675 969 737 aurifabrum
983 679 1129 739 thoracem
1144 679 1332 740 holosericam

156 785 219 840 arte
234 782 359 856 phrygia
374 782 517 856 depictum
537 797 600 842 cum
616 798 652 840 ex
670 798 740 842 auro
758 799 832 856 puro
853 787 923 857 puto
937 785 1017 843 varie
1036 785 1200 846 decolorato
1217 789 1332 844 catena·

154 886 249 945 larum
263 887 378 946 anemis
393 887 552 960 obductam,
570 901 634 960 quae
650 885 742 946 tribus
756 887 881 947 millibus
894 885 1067 948 florenorum
1082 891 1180 950 veniit.
1203 889 1233 948 Is
1244 888 1331 950 Ottho

156 992 265 1066 quode
280 991 575 1066 Coloniadgrippina
595 990 733 1050 oriundus
754 997 842 1066 esset,
866 993 948 1052 nobis
963 995 1057 1054 aninlo
1077 996 1248 1071 propensior
1267 999 1332 1054 erat

155 1105 186 1157 et
200 1097 329 1170 quotidie
342 1095 405 1156 fere
420 1113 472 1157 nos
487 1096 625 1156 cerevisia
638 1096 798 1156 honoravit.
822 1095 861 1156 Et
875 1104 942 1172 post
954 1099 1109 1159 discessum
1125 1105 1254 1160 nostrum
1269 1102 1329 1159 vita

156 1204 288 1262 excessit.
317 1201 407 1274 Quem
423 1201 512 1278 (faxit
525 1199 622 1276 Deus)
637 1207 670 1260 ut
684 1218 748 1260 cum
762 1202 893 1261 omuibus
909 1205 1015 1263 sanctis
1030 1205 1200 1266 adveniente
1217 1206 1331 1265 domino

154 1307 226 1366 Jesu
242 1305 357 1367 Christo
372 1323 425 1366 nos
439 1308 543 1366 iterum
557 1307 656 1366 videre
671 1307 826 1368 valeamus.
870 1347 875 1358 .

245 1412 356 1472 Eadem
374 1409 465 1472 fratm
479 1411 630 1487 Philippus
650 1417 680 1470 et
695 1428 747 1485 ego
768 1413 798 1470 in
818 1411 902 1470 horto
924 1413 1048 1472 consulis
1063 1413 1201 1474 Herbroti
1215 1410 1329 1472 fuimus.

155 1517 267 1578 Hortus
282 1519 404 1576 scamnis
417 1517 580 1592 herbaceis,
603 1505 730 1576 herbidis
745 1518 850 1591 pratis,
867 1516 997 1577 doedaliis
1013 1519 1192 1593 ambulacris,
1211 1519 1331 1592 piscium

155 1623 288 1697 vivariis,
312 1624 395 1695 aquis
413 1624 485 1682 vivis
505 1639 541 1682 ex
559 1620 676 1682 flumine
691 1621 771 1694 Lyco
792 1621 937 1696 deductu,
961 1623 1181 1683 scaturientibus
1203 1621 1330 1682 fontibus

152 1728 286 1802 interim,
308 1743 386 1802 aqua
407 1728 515 1801 puteali
538 1743 651 1802 quoque
673 1727 777 1789 vinetis
796 1732 826 1785 et
845 1719 995 1787 arboribus
1018 1729 1164 1788 variorum
1185 1726 1329 1787 fructuum

155 1832 297 1906 superbit.
328 1834 430 1892 Insunt
443 1849 557 1906 quoqne
572 1832 617 1891 his
632 1833 723 1892 hortis
742 1833 918 1892 domuncula
934 1834 1053 1908 ahquot,
1069 1851 1190 1908 quarum
1205 1835 1330 1907 parietes

155 1954 296 1998 caesarum
318 1937 405 1999 facies
427 1939 465 1998 ad
485 1939 581 1998 vivum
603 1937 731 2013 depictas
754 1938 861 1998 habent
884 1954 919 1998 ac
940 1939 1077 2014 cujusque
1100 1945 1213 2000 aetomm
1237 1939 1329 1998 literis

155 2045 320 2120 maiusculis
334 2049 510 2104 annotatam.
548 2041 603 2102 Ast
624 2043 709 2102 modo
724 2059 783 2102 non
798 2047 880 2102 vacat
899 2043 985 2117 hujus
1003 2043 1081 2104 horti
1100 2044 1216 2104 delicias
1231 2043 1330 2117 depin-

154 2164 240 2223 gere,
258 2149 307 2222 qui
322 2149 420 2208 decem
434 2149 553 2206 millium
567 2146 741 2208 florenorum
749 2153 870 2222 sumptu
884 2149 956 2207 hero
971 2165 1022 2210 suo
1037 2148 1232 2224 applauditur.

245 2253 357 2314 Eadem
371 2252 508 2314 Liboriua
522 2253 661 2326 languens
674 2254 748 2312 lecto
765 2252 908 2312 decubuit.

244 2359 375 2418 Vidimus
390 2363 457 2419 ante
473 2357 550 2416 aedes
565 2358 713 2431 cujusdam
722 2358 802 2418 civis
816 2357 853 2416 in..
862 2357 1004 2417 suburbiis
1018 2357 1157 2430 Augustae
1173 2356 1329 2416 habitantis

155 2480 238 2524 arms
253 2463 375 2526 Caesaris
394 2480 459 2522 cum
474 2464 528 2523 hoc
544 2463 722 2523 emblemate:
745 2463 847 2521 Manet
866 2463 972 2522 virtute
989 2463 1139 2538 quaesitum
1154 2461 1249 2521 decus.

245 2569 411 2629 Hansonem
425 2570 590 2629 Knislerum
609 2573 779 2628 metatorem
797 2568 943 2641 regiorum
957 2568 1146 2642 hospitiorum
1166 2567 1203 2627 ad
1219 2582 1330 2626 coenam

156 2676 255 2734 vocari
265 2675 414 2749 jussimus,
431 2691 529 2734 verum
543 2676 568 2733 is
584 2679 652 2735 ante
666 2673 727 2733 dies
742 2675 852 2748 aliquot
865 2675 1005 2732 Viennam
1019 2687 1151 2730 reversus
1167 2677 1239 2730 erat.

246 2779 409 2838 Caesareani
428 2779 589 2854 jurisperiti
612 2779 745 2838 ducatum
766 2779 1049 2853 Wintenbergensem
1071 2775 1190 2836 feudum
1215 2777 1329 2850 quidem

155 2885 267 2960 imperii
284 2899 348 2944 esse
362 2885 542 2959 permittunt,
565 2883 616 2944 sed
631 2900 665 2943 ea
679 2884 752 2957 lege,
768 2889 801 2942 ut
815 2886 839 2942 is
855 2885 973 2944 ducatus
989 2899 1006 2942 a
1021 2883 1122 2942 domus
1136 2882 1260 2942 Austriae
1276 2880 1327 2939 du-

155 2989 237 3049 cibus
252 2989 552 3063 Wirtenbergensibus
574 2990 604 3046 in
626 2987 742 3048 feudum
764 2990 928 3049 collocetur.
960 2989 995 3048 Id
1009 3006 1077 3049 vero
1091 2991 1157 3063 iure
1172 3007 1210 3050 an
1224 2989 1252 3047 vi
1268 2985 1328 3062 fiat,

125 3134 132 3154 .
155 3095 214 3168 ipsi
227 3093 354 3155 videant.
377 3095 452 3152 Nam
466 3092 733 3167 Wirtenhergenses
748 3085 838 3169 longe
848 3096 906 3155 alia
921 3092 1043 3154 afferunt
1059 3095 1094 3155 de
1109 3094 1164 3154 hoc
1179 3094 1294 3153 ducatu.

245 3200 303 3258 Ein
319 3198 446 3259 Gonnect
464 3199 502 3257 ist
522 3198 575 3257 das
589 3195 798 3260 filnfftzehende
817 3200 889 3260 theil
908 3201 969 3260 eins
984 3200 1124 3276 guldenn,
1148 3200 1190 3258 Ist
1212 3200 1259 3258 ein
1274 3196 1329 3256 Ge·

156 3304 255 3380 wicht,
271 3305 393 3364 braucht
406 3320 492 3362 mann
506 3320 540 3361 zu
557 3303 613 3362 den
628 3304 809 3365 dementenn.
1395 3297 1404 3310 '

246 3409 373 3470 Joannes
396 3408 515 3478 Qohnan
542 3407 616 3466 sicut
641 3414 670 3467 et
693 3415 776 3484 pater
800 3410 860 3483 cius
887 3407 983 3469 fuerat
1004 3409 1143 3482 Augustae
1165 3409 1195 3465 in
1220 3405 1328 3465 redibas

157 3519 256 3574 nostro
276 3515 401 3590 hospitio
421 3513 561 3585 contiguis
582 3513 714 3572 habitans
734 3519 763 3574 et
777 3529 909 3573 caesareae
929 3513 1072 3587 panophae
1087 3512 1225 3585 magister
1240 3513 1284 3566 est
1299 3513 1329 3566 et

157 3634 302 3680 armorum
317 3618 407 3680 faber.
431 3619 524 3692 Hvrjtns
540 3617 617 3677 aedes
627 3615 724 3675 Caesar
739 3619 821 3676 annis
837 3617 939 3677 abhinc
954 3617 1052 3676 decem
1067 3622 1097 3675 et
1111 3620 1185 3690 octo,
1201 3630 1235 3673 eo
1251 3613 1329 3687 quod

158 3740 190 3783 se
202 3725 234 3784 id
247 3722 390 3784 facturum
404 3724 434 3782 in
448 3723 590 3796 Hispania
603 3722 669 3781 huic
691 3723 876 3797 promiserat,
899 3738 963 3780 cum
983 3723 1081 3797 paucis
1100 3721 1198 3782 invisit
1216 3724 1246 3779 et
1259 3734 1329 3778 uxo-

157 3845 219 3887 rem
234 3829 295 3903 ejus
310 3833 413 3890 catena
428 3844 516 3888 aurea
531 3833 560 3886 et
573 3825 670 3886 fabros
685 3827 786 3900 viginti
801 3833 851 3886 aut
865 3827 984 3902 triginta
997 3829 1115 3887 thaleris
1129 3826 1290 3887 honoravit.

246 3932 370 3993 Domine
390 3933 484 4007 Deus,
508 3948 596 3993 verax
616 3931 725 4004 absque
746 3933 873 3994 vanitate
892 3933 987 4007 justus
1010 3938 1040 3993 et
1062 3939 1174 4008 rectus,
1201 3932 1251 4006 qui
1270 3931 1329 3990 tuis

157 4039 253 4114 etiam,
277 4055 341 4113 quae
356 4046 480 4098 mentem
496 4043 525 4096 et
538 4053 661 4112 corpora
676 4053 774 4096 eorum
788 4044 921 4098 recreant
936 4038 1033 4117 (modo
1048 4039 1078 4098 id
1092 4053 1156 4097 cum
1170 4036 1330 4117 gratiarum

157 4144 272 4205 acione
284 4141 349 4218 fiat)
369 4160 427 4203 non
441 4143 564 4204 invides:
590 4141 627 4202 da
642 4147 675 4200 ut
688 4143 718 4201 in
733 4141 815 4202 donis
828 4145 886 4204 tuis
900 4148 930 4205 te
945 4159 1133 4219 agnoscamus
1148 4141 1232 4200 etita
1245 4152 1331 4197 vene·

157 4265 272 4324 remur,
296 4265 334 4309 ne
348 4256 495 4308 creaturas
517 4248 570 4307 tibi
586 4247 699 4307 domiuo
715 4249 839 4324 creatori
862 4249 1047 4322 praeferamus
1070 4248 1167 4320 sicque
1189 4244 1234 4303 his
1247 4242 1331 4318 fuga·

158 4354 238 4413 cibus
253 4355 418 4415 muneribus
432 4351 575 4426 fruamur,
598 4368 635 4411 ne
648 4351 821 4412 immortalia
839 4355 1002 4413 amittamus
1020 4358 1051 4414 et
1063 4359 1093 4412 te
1112 4354 1223 4424 patrem
1244 4353 1328 4407 aeter·

204 4479 320 4525 wareo.
1097 4459 1117 4515 4
