2940 4900
765 313 831 380 loc

212 493 433 569 archiepiscopi,
455 491 613 552 Henricum
634 495 764 554 multem
784 494 987 569 eLeuuiugeu
1002 497 1032 554 et
1045 493 1237 556 wilhelmum
1246 495 1375 570 juniorem
1451 506 1452 546 1

209 597 436 674 awitgenstein
450 603 484 658 ut
497 613 588 660 otene
602 603 710 660 nosue
724 599 866 664 iuteresse
879 599 1068 674 dignarentur
1080 602 1198 678 rogaui.
1451 583 1452 588 ἵ

299 705 448 766 Liberium
462 703 563 766 fritillo
577 705 724 766 ludentem
737 707 925 781 interrogari,
941 705 1009 766 dum
1024 711 1192 783 opportune
1207 707 1240 766 iu
1254 705 1315 765 aleo
1326 708 1377 764 tres

208 817 292 872 nome
306 817 385 872 stare
400 812 525 886 diceret,
550 827 618 870 num
631 811 676 870 his
691 817 842 872 contentus
856 817 943 886 esset,
964 827 1032 870 nam
1046 813 1110 873 heri
1124 813 1273 886 gloriatus
1286 807 1337 870 unt
1348 809 1377 868 de

207 916 301 980 tribus
310 919 400 992 equis.
416 915 527 976 Eadem
537 915 642 992 hospes
654 921 754 978 noster
765 934 784 977 a
796 917 932 978 nundinis
937 917 1184 993 Ncrliugeusibus
1193 918 1376 977 reversusest

298 1021 400 1082 comes
414 1015 562 1082 e'Nessau
584 1024 627 1082 eit
646 1023 892 1099 archiepiscopum
906 1023 984 1086 boue
1007 1023 1101 1084 adhuc
1114 1022 1269 1100 polliceri,
1293 1033 1378 1081 verm

209 1127 389 1189 sollicitando
403 1128 582 1189 obruendum
597 1144 655 1188 uon
670 1145 742 1190 esse.
1104 1189 1108 1194 .

296 1233 667 1310 Eademquinqueinsiguie
675 1235 803 1308 peditum
809 1235 940 1312 (utmcre
947 1234 1110 1309 germanico
1119 1229 1256 1308 loquar),
1265 1243 1377 1304 queue

208 1342 268 1400 sari
276 1340 478 1416 jamperduos
490 1341 618 1416 integros
627 1357 717 1402 anuos
727 1341 871 1416 stipendio
883 1345 1057 1414 meruerant,
1065 1354 1170 1398 rursus
1180 1339 1378 1396 inmensessex

204 1447 349 1520 iurarunt.
364 1446 393 1506 A
400 1449 522 1522 prandio
533 1445 723 1510 Etzdorffium
733 1448 764 1506 in
776 1446 877 1506 hortos
888 1446 1096 1506 emoenissimcs
1103 1445 1168 1506 Viti
1176 1441 1301 1504 Wittich
1311 1437 1376 1498 duxi.

296 1551 493 1627 Laudtgrauia
514 1559 614 1614 noctes
633 1559 693 1613 tres
715 1549 794 1628 apud
817 1551 975 1626 principem
989 1552 1124 1611 mentum
1138 1552 1319 1611 commorata
1332 1547 1376 1602 est.

207 1656 253 1716 De
274 1657 457 1732 undtgravia
471 1658 649 1719 detractores
670 1664 700 1717 et
712 1657 868 1732 nugiveudi
889 1671 1035 1716 mmorem
1048 1659 1234 1730 sparserunt,
1251 1665 1314 1712 eam
1326 1647 1376 1708 Au-

208 1766 300 1836 guste
314 1765 549 1837 comessationes,
573 1765 686 1838 repotia
705 1779 760 1822 uec
779 1778 837 1823 uon
859 1768 889 1822 et
909 1762 1029 1822 choreas
1042 1777 1146 1836 egere;
1171 1758 1227 1821 sed
1247 1755 1326 1818 uouit
1338 1753 1375 1812 iu·

208 1871 323 1940 spector
336 1868 467 1926 cordium
482 1871 513 1928 et
527 1885 585 1927 nou
599 1870 694 1943 pauci,
710 1884 796 1942 quum
810 1869 903 1928 luctus
919 1867 1037 1928 delicies
1049 1866 1217 1941 prohibeat.
1451 1943 1452 1948 ἵ

295 1971 439 2045 Perpaoci
452 1969 589 2032 Germani
607 1974 668 2046 jem
686 1974 870 2034 considerent
889 1989 977 2046 quam
996 1973 1118 2048 papistee
1133 1973 1235 2032 animo
1251 1963 1374 2043 gestent,
1451 1969 1452 1974 ’

207 2078 307 2138 urbem
314 2075 483 2152 Augustam,
500 2093 537 2138 ex
551 2093 610 2152 que
623 2077 745 2153 primum
760 2075 900 2139 confessio
915 2083 949 2136 ut
957 2083 1062 2138 vocant
1075 2073 1302 2152 protestantium
1314 2079 1372 2140 pro·

206 2181 274 2257 duit,
295 2183 349 2243 sub
370 2181 564 2244 dominatione
583 2181 786 2246 nefandissime
804 2189 994 2258 omanorum
1013 2181 1213 2244 Romanorum
1232 2189 1309 2240 uuut
1320 2167 1373 2247 pal·

207 2288 347 2363 pituntem
355 2305 457 2364 agere.

294 2395 404 2458 Eadem
419 2395 571 2456 Otthouem
591 2401 621 2458 et
634 2397 789 2457 Ernestum
806 2393 911 2456 danes
934 2411 1086 2472 germanos
1100 2385 1312 2471 archiepiscopi
1325 2379 1372 2442 Oc·
1450 2431 1451 2466 ἶ

207 2500 359 2577 lomense,
385 2501 570 2562 wnuemum
591 2504 722 2562 omrem
743 2518 762 2561 a
781 2501 991 2576 uergentem,
1017 2501 1176 2562 namnum
1192 2501 1327 2561 cuonem
1340 2480 1371 2544 ua
1450 2486 1451 2542 l

206 2605 347 2683 Bclheim,
363 2608 500 2668 baronem
516 2608 552 2668 de
567 2605 833 2682 Schwartzeuburg,
848 2605 992 2668 Didonem
1007 2607 1043 2667 de
1058 2607 1276 2681 Kniephausen,
1291 2598 1370 2661 5⁰⁸³·

204 2727 271 2772 uem
291 2714 421 2774 comitem
444 2713 639 2787 aRethberg,
665 2711 850 2773 chunradum
874 2713 947 2773 Foss
967 2715 1004 2776 de
1017 2712 1173 2788 Devoldia,
1198 2705 1370 2771 Liboriumt

205 2818 434 2879 Muiuohhausen
454 2824 484 2878 et
497 2819 535 2878 N.
551 2818 708 2893 Mesegrel,
728 2819 766 2878 N.
782 2804 842 2878 uou'
853 2817 905 2878 der
918 2819 1023 2892 Horst,
1048 2819 1219 2894 magistrum
1236 2804 1369 2876 sciem-

205 2938 272 2980 uum
288 2921 454 2996 Glaserum,
478 2923 624 2983 dominum
643 2923 806 2997 Philippum
826 2939 903 2983 noun
924 2925 977 2984 der
990 2923 1128 2998 Bruglreu
1148 2929 1178 2984 et
1192 2911 1369 2983 secretarii!¹1

206 3026 350 3097 quendam
363 3027 537 3086 marchionis
557 3028 690 3087 electoris
703 3027 852 3104 Eubulus,
874 3027 1025 3104 Philippus
1047 3034 1078 3090 et
1092 3027 1207 3090 Samuel
1224 3014 1368 3088 Weltldssioe
1449 3018 1450 3030 ’

206 3130 325 3190 comites
339 3131 470 3191 convivio
485 3137 670 3206 exceperunt.

294 3235 354 3310 xiiij
370 3236 452 3296 iunii
471 3237 600 3297 Joanues
620 3236 761 3298 Henricus
779 3238 810 3296 in
828 3239 935 3314 templo
956 3237 1087 3299 Mauritii
1106 3253 1143 3298 ex
1161 3253 1224 3312 cap.
1254 3235 1293 3296 14
1313 3224 1364 3301 epi·
1449 3249 1450 3288 l

204 3341 286 3403 stole
306 3341 345 3403 ad
358 3342 504 3404 Romanos
527 3349 694 3417 sequentem
708 3342 735 3402 d.
751 3342 837 3403 Pauli
860 3346 1032 3406 senteutiam
1056 3345 1200 3420 exposuit:
1227 3339 1293 3401 »Tu
1307 3341 1365 3393 veffl
1448 3377 1449 3386 κ

203 3465 255 3508 cur
273 3448 388 3524 jndices
407 3446 526 3511 irenem
549 3447 651 3508 tuum?
688 3449 749 3509 Aut
768 3449 855 3508 etiem
874 3455 907 3509 tu
929 3466 981 3510 cur
1001 3449 1123 3524 despicis
1137 3445 1259 3508 matrem
1272 3427 1364 3505 tuum?

203 3553 307 3618 Omnes
322 3558 399 3617 enim
413 3562 574 3619 statuemur
587 3554 666 3630 apud
684 3555 810 3616 tribuual
825 3553 947 3630 Christi,
970 3557 1108 3631 scriptum
1129 3559 1174 3614 est
1195 3553 1283 3613 enim:
1308 3543 1364 3605 vil⁰

202 3675 266 3732 ego,
282 3661 353 3720 dicit
367 3662 507 3738 dominus,
527 3661 597 3722 mihi
612 3675 676 3722 sese
689 3659 786 3722 flectet
799 3676 882 3721 omne
898 3676 974 3734 genu
995 3665 1025 3719 et
1039 3661 1130 3720 omnis
1144 3660 1243 3734 lingue
1257 3646 1361 3718 confit&

201 3760 281 3820 bitur
289 3761 361 3822 Deo.
386 3766 478 3838 Igitur
492 3785 566 3826 unus
581 3769 703 3842 quisque
718 3773 847 3828 nostrum
861 3767 897 3826 de
913 3781 944 3824 se
958 3766 1023 3841 ipso
1036 3766 1178 3825 rationem
1192 3762 1293 3826 reddet
1299 3753 1362 3818 120⁰·

202 3881 240 3924 ne
252 3863 371 3938 posthoc
379 3867 468 3941 igitur
477 3871 549 3930 elius
559 3872 844 3945 eliumjudicemus.«
869 3869 962 3945 igitur
970 3870 1111 3947 principio
1121 3869 1203 3944 dixit,
1218 3883 1276 3943 quo
1288 3857 1362 3938 ptem

202 3969 311 4030 Paulus
325 3969 399 4030 hene
419 3970 654 4047 disceptationem
673 3975 704 4032 in
726 3977 846 4037 ecclesie
860 3975 991 4036 Romana
1012 3974 1173 4035 erludeis
1189 3979 1219 4034 et
1232 3965 1361 4047 restibilis

99 4142 103 4148 ⁴
201 4079 235 4136 ut
245 4076 307 4149 jem
321 4077 426 4151 sepius
441 4074 547 4136 dictum
562 4083 623 4150 est,
649 4079 811 4156 collectam,
837 4096 895 4141 uon
915 4081 952 4141 de
966 4081 1095 4141 articulis
1114 4077 1196 4154 fidei,
1221 4075 1273 4138 sed
1286 4070 1318 4134 de
1330 4063 1360 4124 iii

203 4195 268 4254 que
282 4181 344 4242 siue
358 4186 477 4259 peccato
498 4181 545 4243 vel
567 4182 660 4242 omitti
678 4183 725 4243 vel
738 4181 802 4243 fieri
822 4189 972 4261 poterent,
988 4185 1091 4246 tollere
1105 4184 1236 4244 voluerit.
1273 4175 1360 4240 Prilss⁰

201 4282 336 4344 Judoeum
351 4289 509 4365 corripiens
523 4288 577 4349 ait:
592 4286 639 4346 Tu
652 4302 720 4348 vero
735 4304 772 4349 ue
783 4287 896 4364 judices
909 4288 1133 4367 stamemmuesi
1148 4285 1269 4363 dicot)si
1281 4279 1365 4348 liber,

198 4393 246 4452 tes
260 4392 440 4456 ccusdcutie
460 4393 514 4456 tibi
533 4392 638 4456 suadet
656 4393 805 4459 comedere
828 4411 864 4459 ee
878 4411 943 4472 que
953 4441 956 4449 ,
965 4396 996 4457 iu
1010 4396 1075 4472 lege
1090 4394 1251 4460 mummia
1263 4397 1356 4456 rocol·
