2940 4900
196 525 301 596 putans
316 519 369 581 boo
385 537 504 584 munere
517 522 715 598 jurisperitum
730 521 784 582 sibl
799 525 891 582 totum
905 521 1074 596 devinxisse,
1090 535 1125 580 ec
1140 517 1247 580 deinde
1261 531 1319 578 eun
1331 532 1359 576 re
1460 547 1461 584 1

194 628 259 702 ipsa
274 643 326 687 sno
341 627 416 688 mulo
439 629 635 703 experiretur,
661 625 783 686 eundem
798 631 828 686 et
851 624 889 686 ab
911 627 1075 687 adversario
1096 641 1150 686 suo
1172 626 1205 684 in
1224 621 1360 683 eonsilium
1460 655 1461 674 r

195 731 355 794 adhibitum
370 749 442 808 esse,
466 733 649 806 expostulans
664 747 728 790 cum
739 731 910 806 jurisperito
924 733 980 793 ait:
1003 732 1071 792 Non
1090 731 1175 806 potui
1190 731 1222 789 in
1237 730 1291 788 bac
1303 743 1362 786 oan-

195 851 336 898 sesmeum
358 839 460 898 bovem
478 840 651 912 mugientem
667 838 777 897 andire.
817 837 895 896 Vera
908 837 989 912 dicis,
1013 835 1164 912 respondit
1175 831 1362 910 jurisperitus,

195 959 262 1002 uam
276 949 363 1016 caput
375 943 502 1002 babebat
515 945 613 1003 tunica
627 943 789 1002 holoserica
804 957 840 999 ex
854 943 988 1002 martium
1003 941 1124 1016 pellibus
1141 940 1272 1001 obducta
1285 937 1363 996 obuo-

195 1047 299 1120 lutum,
321 1046 450 1106 indicans
469 1049 560 1121 magis
582 1049 675 1120 ipsum
695 1047 732 1106 ad
752 1047 964 1120 preciositatem
986 1047 1086 1122 vestis,
1110 1062 1201 1120 quam
1216 1045 1257 1105 ad
1271 1042 1367 1116 prioris

196 1165 298 1210 munus
313 1155 364 1210 aut
373 1152 422 1224 jus
439 1152 563 1210 animum
577 1153 710 1212 vertisse.

285 1255 395 1315 Eadem
419 1271 437 1314 a
459 1257 631 1317 consiliariis
654 1255 850 1330 imperialibus
871 1255 949 1316 iacta
975 1261 1020 1316 est
1041 1258 1148 1316 mentio
1172 1250 1313 1315 Wnlffiloe
1336 1267 1368 1309 er

196 1361 273 1420 omni
287 1366 372 1436 parte
380 1359 490 1420 Wulifii
506 1362 575 1436 quid
590 1377 648 1420 nou
664 1359 875 1420 esculentorum
889 1363 984 1436 gratia
997 1363 1129 1422 lurcones
1144 1375 1209 1419 non
1224 1363 1322 1434 agent,
1336 1369 1367 1413 ex

196 1467 251 1524 boc
264 1469 371 1542 patuit,
397 1467 475 1540 quod
490 1483 585 1540 ¹nepos
607 1472 637 1525 et
659 1465 790 1539 perdices
810 1483 826 1525 e
847 1467 1005 1526 Mechlinia
1024 1465 1195 1526 Brabantiae
1213 1462 1367 1536 Augustam

196 1576 351 1646 apportare
365 1578 512 1633 curarunt.
551 1572 656 1632 Florus
679 1571 717 1632 ad
740 1573 816 1631 bunc
836 1587 927 1648 usque
947 1571 1022 1632 diem
1037 1571 1202 1631 miserrime
1218 1572 1250 1627 et
1266 1563 1368 1626 miodo

198 1682 228 1735 et
241 1677 387 1736 ilienteria
400 1677 523 1736 laborat.

283 1781 393 1840 Eadem
409 1780 529 1840 Oarolus
542 1783 701 1844 aStoelrem
716 1789 745 1843 et
760 1799 814 1858 ego
830 1783 977 1843 doctorem
990 1781 1202 1856 blnrquardum
1217 1777 1364 1846 adivimus,

197 1885 278 1960 cujus
293 1885 442 1946 consilium
457 1893 522 1946 erat
535 1888 572 1947 ad
587 1889 647 1948 dies
663 1890 772 1962 aliquot
786 1903 896 1948 moram
910 1893 1035 1961 nectere,
1058 1885 1164 1946 deinde
1178 1884 1305 1946 liberius
1319 1892 1371 1953 pro-

197 1991 360 2052 dimissione
374 1992 491 2050 instare.
523 1991 606 2064 Quod
628 1998 723 2053 autem
738 1993 773 2054 de
788 1993 952 2052 dimissione
972 1991 1049 2067 apud
1062 1989 1278 2065 Mnrqnardum
1292 1997 1366 2044 men·

196 2097 304 2156 tionem
318 2095 486 2172 leceramus,
502 2092 563 2156 brec
578 2113 666 2157 causa
681 2099 806 2172 suberat,
831 2096 910 2171 quod
924 2097 1006 2156 nobis
1021 2111 1190 2170 persuasum
1207 2098 1284 2166 erat,
1300 2103 1365 2148 non·

198 2201 282 2259 nullis
297 2202 347 2275 qui
361 2219 420 2263 una
434 2202 582 2262 nobiscnm
595 2202 756 2277 Augustam
771 2204 851 2264 citati
866 2201 994 2277 buerant,
1015 2202 1129 2263 domum
1142 2197 1297 2260 remeandi
1310 2208 1366 2252 ter·

197 2311 258 2365 tum
273 2308 409 2381 temporis
425 2309 547 2383 spatium
564 2309 676 2384 datum,
700 2308 778 2382 quod
799 2310 893 2384 ipsum
907 2314 1004 2370 tamen
1018 2311 1119 2384 postea
1132 2323 1192 2367 non
1206 2305 1273 2368 veri
1288 2296 1365 2362 dnti-

198 2413 264 2472 mile
280 2409 368 2473 inisse
384 2419 559 2487 compertum
575 2419 628 2474 est.

286 2518 507 2578 Atrebatensem
527 2519 644 2579 allocuti
666 2535 779 2593 sumus,
800 2522 850 2592 qui
870 2535 925 2595 pro
946 2533 1026 2578 more
1048 2534 1099 2577 suo
1114 2516 1277 2592 respondit,
1300 2503 1366 2568 nihil
1454 2585 1455 2596 ἢ

199 2622 294 2683 adhuc
309 2622 416 2683 Oaesari
430 2640 519 2700 super
533 2629 632 2684 nostro
647 2627 763 2699 negotio
776 2625 898 2684 relatum
915 2605 992 2696 esse,
1016 2637 1070 2682 nec
1083 2622 1163 2681 illurn
1177 2622 1287 2692 latere,
1303 2627 1366 2672 0⁸¹1·

199 2745 259 2786 sam
274 2728 402 2803 Philippi
421 2729 533 2790 comitis
548 2745 566 2787 a
580 2728 695 2788 ansnu
716 2734 746 2788 et
767 2734 895 2789 nostram
916 2727 978 2791 fere
993 2727 1113 2787 eandem
1128 2741 1200 2784 esse.
1241 2722 1366 2796 Rogatus

198 2833 285 2906 igitur
293 2831 441 2911 (quoniam
452 2834 491 2893 ad
504 2834 685 2906 imperatoris
699 2835 836 2908 pnlntium
852 2848 1019 2894 secessurus
1031 2835 1093 2908 jam
1107 2831 1188 2892 nobis
1198 2829 1299 2890 videre
1345 2818 1365 2894 ),

199 2937 291 2994 nostri
311 2938 483 2997 mentionem
503 2937 611 2997 babere
630 2940 726 2999 vellet.
764 2936 940 3012 Respondit:
963 2937 1096 2997 Profecto
1116 2941 1160 2995 tot
1174 2939 1243 2994 sunt
1256 2927 1367 3010 publice
1455 2939 1457 3008 ς

198 3040 325 3114 negotio,
339 3043 372 3100 ut
385 3040 523 3100 hactenus
537 3043 574 3101 de
589 3044 709 3118 privatis
724 3044 772 3115 ogi
786 3043 857 3101 nihil
872 3044 1007 3117 potnerit,
1023 3047 1052 3102 ct
1066 3041 1144 3101 intra
1158 3042 1232 3100 duos
1247 3039 1310 3099 dios
1332 3026 1366 3089 td
1455 3119 1456 3124 ἵ

199 3146 402 3218 imperatorem
417 3161 549 3205 accessus
563 3147 633 3206 mihi
648 3163 704 3207 non
720 3146 902 3208 concedetur.
942 3148 999 3207 Sed
1013 3154 1110 3208 tamen
1124 3145 1243 3218 iaomm,
1267 3139 1366 3202 inciam
1456 3155 1457 3168 ¹

200 3249 359 3323 imperator
375 3251 411 3310 da
425 3251 469 3310 his
483 3249 664 3310 informetur.
688 3249 808 3312 Carolus
824 3252 912 3325 igitur
927 3259 956 3312 et
966 3251 1098 3312 Eubulus
1113 3249 1244 3326 priorem
1254 3243 1364 3324 petitio·

200 3359 429 3432 deproperant,
452 3372 516 3416 cum
530 3355 754 3432 significatione,
780 3357 857 3430 quod
880 3359 1004 3418 maximo
1019 3359 1145 3431 regionis
1161 3362 1190 3416 et
1204 3369 1302 3415 rerum
1316 3361 1365 3406 πθ·
1456 3355 1458 3430 l

199 3467 324 3522 atrorum
339 3462 489 3538 dispendio
502 3464 568 3523 istic
581 3468 693 3541 tempus
703 3470 872 3523 tereremus.
896 3461 1087 3537 Quamobrem
1100 3461 1129 3522 d.
1146 3476 1206 3520 snae
1220 3453 1366 3518 musilium

200 3584 382 3644 rogaremus,
422 3586 490 3630 num
512 3571 568 3645 ipsi
591 3570 751 3630 consultum
777 3567 925 3629 videretur
950 3583 1113 3628 acaesarea
1134 3566 1284 3638 majestate
1307 3567 1366 3618 oum

200 3675 294 3744 gratia
318 3673 510 3734 dimissionem
533 3677 672 3736 mensium
699 3674 808 3748 aliquot
830 3675 943 3747 petere,
973 3672 1119 3732 reversuri
1138 3676 1172 3730 ut
1194 3670 1316 3745 primurn
1338 3654 1366 3718 id

198 3773 437 3850 meminerimus,
454 3785 484 3837 nt
498 3779 699 3840 Atrebetensis
714 3780 768 3838 ait:
794 3776 878 3836 certe
893 3776 991 3836 Ooesar
1004 3777 1058 3836 hoc
1073 3792 1131 3835 non
1145 3775 1279 3848 potietur.

289 3879 409 3939 Fratres
419 3883 510 3940 nostri
519 3872 633 3942 interim
641 3884 869 3943 Maximilianum
881 3882 983 3942 ducem
992 3881 1102 3956 adiere,
1113 3881 1161 3953 qui
1169 3895 1225 3955 pro
1239 3869 1363 3937 humam-

201 3987 262 4044 tate
278 4001 331 4044 sua
352 3999 402 4043 eos
422 3968 542 4044 audiens
563 3986 720 4046 elementer
735 3989 831 4048 omnia
845 3989 994 4060 promisit,
1019 3985 1095 4046 forte
1111 3985 1170 4045 Titi
1189 3976 1366 4058 imperatoris

202 4091 322 4165 dietum,
351 4091 492 4152 neminem
515 4094 649 4162 oportere
670 4107 688 4150 a
710 4088 784 4172 facie
802 4092 940 4166 principis
961 4091 1073 4152 tristam
1095 4090 1185 4166 abire,
1207 4083 1302 4149 mente
1323 4095 1365 4144 rc·

202 4197 308 4256 colens.
937 4186 940 4196 '

293 4291 422 4362 Eubulus
436 4299 513 4360 aedes
529 4298 641 4360 Nicolai
655 4300 750 4360 Maior
764 4301 850 4375 petit,
874 4301 935 4373 ejus
954 4290 1103 4360 consilium
1117 4297 1276 4360 auditurus.
1312 4293 1364 4354 Vc

203 4407 303 4466 luisset
318 4408 433 4480 quidem
448 4405 494 4466 bio
508 4408 604 4465 omnin
622 4408 703 4467 nobis
723 4422 760 4466 ex
774 4387 848 4465 votis
870 4405 988 4478 cedere3
1011 4405 1063 4466 sed
1077 4407 1127 4478 qui
1141 4405 1241 4479 lupum
1255 4397 1365 4463 ombus
