2940 4900
662 339 723 404 153

98 534 158 591 qne
174 515 277 578 fritillo
293 524 403 592 tempus
418 531 484 575 cum
498 517 646 591 Velhergk
667 526 696 578 et
715 519 861 593 Stephano
882 519 994 596 lelellil,
1017 523 1088 582 nihil
1107 530 1204 584 umen
1224 543 1276 600 po-

99 627 207 695 tatum,
232 623 284 681 sed
297 623 497 682 honestissime
511 622 605 680 lusum
621 630 673 682 est.
877 605 881 610 ¹

191 727 322 786 Instante
344 727 416 785 hora
440 742 530 785 coenae
553 743 653 785 rursus
677 728 755 787 laute
779 729 900 800 viximus
923 745 975 788 nec
999 733 1150 805 quisquam
1172 751 1278 796 mensae

96 830 311 906 archiepiscopi
326 835 433 905 praeter
448 847 506 906 eoa,
531 833 580 904 qui
594 833 625 891 in
639 835 775 914 comitatu
789 833 935 893 Wilhelmi
950 833 1074 911 lucrant,
1096 839 1275 898 assederunt.

97 935 238 995 Potatum
254 933 369 1007 quidem
384 939 428 993 est
442 935 560 1008 largius,
584 937 625 994 lta
640 942 735 994 mmen
751 943 783 996 ut
797 937 896 996 modus
912 939 1106 1000 adhiberetur.

190 1039 219 1096 A
235 1054 317 1097 coena
331 1039 562 1113 archiepiscopus
578 1040 761 1099 wilhelmum
781 1042 912 1100 comitem
931 1045 969 1104 ad
987 1061 1102 1104 currum
1122 1061 1212 1122 usque
1228 1047 1277 1106 de·

98 1142 192 1202 duxit.
226 1142 297 1201 Inde
313 1147 342 1200 et
357 1158 409 1200 nos
429 1142 643 1217 archiepiscopo
664 1145 855 1204 valedicentes
874 1149 1044 1220 rogabamus
1063 1156 1104 1223 ut,
1128 1151 1206 1223 quod
1228 1167 1275 1210 co·

97 1263 160 1306 mes
182 1246 354 1306 wilhelmus
377 1247 469 1304 nostri
491 1247 606 1306 nomine
625 1247 662 1306 ab
684 1264 717 1306 eo
740 1247 872 1321 petierat,
896 1257 1035 1321 praestare
1055 1254 1150 1312 vellet.
1191 1256 1277 1328 Spem

97 1349 206 1410 bonam
222 1351 309 1410 dedit.
341 1350 509 1410 Conscensis
524 1352 612 1424 igitur
627 1353 708 1425 equis
723 1353 881 1426 Augustam
895 1355 1059 1431 repetimus.
1090 1356 1166 1414 Dum
1181 1363 1277 1416 autam

97 1455 136 1514 ad
154 1456 348 1515 Wernitziam
368 1471 479 1514 amnem
501 1457 643 1528 venimus
665 1456 789 1513 rusticus
812 1455 927 1528 quidam
950 1457 1031 1516 nobis
1054 1457 1165 1517 obviam
1189 1460 1275 1534 veuit,

97 1575 282 1633 praemonens
297 1559 371 1618 vada
385 1557 509 1618 fluminis
525 1559 717 1619 exundatione
732 1575 872 1632 aquarum
888 1559 1004 1635 dirupta
1022 1577 1093 1622 esse.
1124 1563 1199 1622 Nam
1214 1581 1277 1624 cum

98 1679 133 1722 eo
156 1664 206 1722 dic
228 1663 330 1722 coelum
354 1663 456 1721 sudum
478 1669 555 1722 esset
575 1669 604 1722 et
625 1665 693 1744 solis
714 1666 849 1736 splendor
868 1665 971 1739 acrior,
995 1667 1100 1740 alpinae
1123 1669 1201 1727 nives
1216 1670 1276 1730 sole

97 1765 239 1826 confectae
254 1767 285 1825 in
300 1768 409 1840 Lycum
424 1766 585 1827 diffluentes
601 1769 630 1826 in
646 1775 756 1828 ceteros
771 1767 871 1828 fluvios
887 1785 918 1829 sa
933 1777 1135 1846 exonerarunt,
1155 1779 1185 1831 ot
1199 1774 1276 1832 intra

11 1941 12 1946 γ
98 1888 222 1944 parvum
237 1872 291 1929 hoc
305 1873 442 1945 temporis
462 1873 593 1946 spatium,
618 1889 674 1945 quo
694 1875 724 1931 in
738 1873 862 1948 ¹llelberg
877 1875 1041 1948 agebamus,
1064 1874 1168 1934 flumen
1187 1893 1276 1936 exun-

11 1989 13 2074 Ξ
99 1975 164 2034 dari
178 1973 317 2034 lecerunt.
349 1977 440 2048 Igitur
463 1992 557 2035 comes
576 1977 745 2035 Wilhelmus
764 1994 880 2036 ecmnu
896 1983 926 2036 et
944 1997 996 2038 nos
1011 1981 1116 2052 reliqui
1131 1982 1212 2052 equis
1228 1979 1275 2040 de-

11 2075 13 2094 '
99 2080 271 2138 scendentes
285 2078 421 2137 familiam
441 2080 500 2137 alia
520 2078 642 2137 fluminis
663 2079 736 2140 vada
756 2097 886 2154 quaerore
903 2084 1049 2158 Jussimus,
1073 2085 1129 2158 ipsi
1147 2085 1276 2158 pedestri

11 2209 13 2254 ;
100 2184 208 2244 itinere
223 2183 382 2256 Augustam
397 2200 488 2257 usque
503 2185 609 2242 oereati
625 2185 830 2245 contendimus.

191 2287 255 2345 Rex
270 2283 471 2346 Ferdinandus
487 2295 516 2347 et
529 2287 603 2348 lilius
623 2290 685 2360 ejus
705 2289 917 2348 Maximilianus
938 2290 1076 2349 archidux
1094 2290 1219 2351 Austriae
1238 2291 1275 2352 ob

101 2391 299 2449 salubritatem
315 2392 391 2449 aeris
407 2392 437 2448 in
451 2409 503 2451 rus
517 2395 623 2467 ierant,
648 2409 719 2466 quos
736 2369 765 2452 et
780 2393 981 2466 obequitantes
998 2393 1128 2452 vidimus

11 2473 12 2486 ¹
191 2493 274 2553 dreis
289 2496 442 2570 Velhurgae
457 2499 528 2556 situs
544 2499 751 2568 amoenissimus
767 2502 820 2568 est,
844 2499 893 2572 qui
913 2498 1022 2555 scilicet
1035 2497 1195 2570 Augustam
1210 2513 1274 2556 ver·

101 2614 150 2657 sus
166 2598 204 2658 ob
224 2613 387 2674 camporum
407 2601 555 2672 planitiem
573 2601 810 2674 jhcundissimum
832 2607 1012 2673 prospectum
1034 2600 1136 2673 habel,
1161 2617 1196 2659 ex
1217 2601 1274 2658 alio

12 2727 13 2776 j
101 2701 202 2777 latere,
226 2717 289 2760 cum
305 2705 342 2761 sit
356 2719 443 2778 super
458 2703 557 2762 collem
578 2703 728 2778 aedificata,
751 2706 937 2763 monticulosa
958 2711 1003 2763 est
1020 2705 1112 2764 hortis
1133 2711 1163 2762 et
1175 2704 1275 2763 viretis

12 2837 13 2896 q
102 2809 198 2865 nitens
213 2823 271 2866 uon
286 2810 386 2880 procul
402 2826 419 2867 a
435 2809 522 2896 sylvis
538 2810 628 2883 regis,
653 2825 717 2882 quoe
734 2808 857 2867 letarum
872 2809 1055 2867 feracissima
1070 2814 1145 2868 sunt.

12 2901 13 2918 ¹
192 2911 247 2970 Est
263 2918 292 2970 et
313 2911 351 2970 ad
367 2913 474 2971 declive
490 2913 594 2971 montis
609 2909 640 2970 in
658 2913 777 2986 planitie
798 2914 933 2985 templum
949 2913 1021 2996 divae
1036 2913 1216 2987 Redigundae
1230 2929 1275 2972 sa·

12 3029 13 3094 q
105 3031 196 3091 crum,
221 3031 284 3088 qua
305 3016 397 3074 isthac
418 3033 436 3074 a
456 3016 570 3074 rusticis
589 3018 701 3091 colitur,
725 3019 803 3091 apud
824 3019 902 3091 quod
922 3019 988 3078 olim
1004 3017 1203 3078 Fordinaudus
1223 3035 1275 3078 rex

12 3151 13 3170 i
103 3137 121 3178 a
144 3119 248 3179 Oarolo
270 3119 360 3179 hatra
382 3120 507 3178 Austrice
531 3119 664 3178 ducatum
684 3123 795 3195 accepit
817 3127 845 3180 et
864 3123 901 3181 ab
923 3123 1024 3182 eodem
1043 3124 1074 3180 in
1094 3121 1275 3182 archiducem

105 3224 293 3298 inauguratus
315 3228 373 3296 est,
398 3239 487 3295 quare
508 3229 538 3281 et
558 3225 652 3297 magni
674 3226 812 3300 triumphi
832 3228 937 3286 ibidem
958 3232 1025 3288 aute
1048 3243 1139 3286 annos
1161 3231 1225 3286 octo
1246 3229 1276 3284 et

106 3327 203 3386 decem
217 3327 309 3387 babiti
324 3332 399 3386 sunt.
507 3392 510 3403 Ι

190 3431 350 3505 Augustam
364 3431 511 3490 venientes
525 3431 555 3488 iu
570 3431 654 3491 domo
670 3433 779 3492 comitis
794 3433 941 3492 Wilhehni
955 3433 1096 3490 Ernestus
1112 3428 1273 3488 aSchaum·

104 3533 182 3610 berg,
207 3535 355 3609 Philippus
378 3541 407 3594 et
430 3535 545 3594 Samuel
565 3552 583 3594 a
601 3537 722 3595 Waldec
741 3553 798 3594 uria
820 3540 911 3594 erant.
943 3535 1014 3592 Post
1032 3531 1150 3606 repotia.
1163 3533 1275 3591 veniam

106 3645 235 3710 petentes
251 3640 448 3700 Waldecciani
464 3639 588 3712 hospitia
602 3655 654 3696 sua
668 3643 778 3723 petunt.

191 3742 269 3802 Nota
289 3742 325 3801 de
347 3744 530 3802 contentione
552 3743 628 3801 inter
650 3743 761 3801 Hacum
783 3748 812 3801 et
826 3743 939 3801 Justum
959 3756 1003 3799 me
1023 3738 1143 3802 absente
1165 3741 1273 3802 habita.

107 3841 226 3904 Ilondna
240 3833 372 3920 princeps
388 3828 426 3904 ad
440 3846 651 3919 landtgravium
666 3849 799 3906 maritum
814 3847 900 3904 missa
916 3845 1029 3904 dicitur.

191 3950 292 4010 Werla
313 3949 500 4023 Westphaliae
523 3951 630 4010 atalia
652 3953 764 4024 aliquot
786 3952 849 4010 loca
871 3950 1017 4010 dioceseos
1039 3937 1217 4010 Coloniensis
1240 3964 1276 4006 ex

107 4051 327 4128 conflagratione
344 4053 477 4114 domuum
492 4055 615 4113 maxima
629 4055 807 4114 incommoda
821 4046 959 4128 perpessa
973 4059 1049 4113 sunt.

90 4183 92 4186 ·
190 4158 430 4232 hrcbiepiscopus
452 4157 630 4219 Coloniensie
652 4161 846 4234 septingentos
865 4158 988 4223 florenos
1007 4158 1085 4215 intra
1105 4154 1276 4226 septimanas

107 4261 203 4335 viginti
217 4279 271 4337 pro
287 4263 463 4324 aromatibus
484 4268 513 4322 et
533 4263 723 4321 condimentis
743 4262 887 4336 expendit.
926 4262 1059 4320 Alienum
1079 4258 1153 4316 euim
1173 4258 1211 4318 ab
1230 4257 1275 4318 bis

108 4365 183 4427 Jovis
198 4367 264 4428 filiis
280 4373 338 4444 est,
363 4367 464 4428 famem
481 4369 618 4442 optimum
633 4383 696 4427 asse
712 4367 929 4431 condimentum
