2940 4900
672 355 735 420 13⁷

113 537 194 596 tione
210 535 392 610 praedicasse.
431 537 556 597 Perinde
577 553 611 597 ac
629 535 701 596 illud
723 535 889 596 mandatum
903 533 957 596 luit
973 535 1115 597 christum
1130 555 1288 599 sacramen·

108 648 172 701 turn
188 643 259 702 solis
275 643 418 716 apostolis
433 643 487 701 suh
502 649 627 716 utraque
642 643 736 716 specie
751 640 916 715 praebuisse,
933 644 1036 700 ceteris
1051 660 1108 702 non
1123 645 1202 702 item.
1219 644 1289 703 Gum

108 747 231 821 Paulus,
248 747 297 819 qui
311 747 391 820 prius
406 753 573 821 persecutor
588 747 693 806 Christi
709 752 738 805 et
753 761 869 804 suorum
884 750 914 804 et
931 752 1031 820 postea
1046 765 1104 806 non
1119 765 1154 808 en
1168 767 1287 810 numero

110 851 264 910 duodecim
280 853 477 926 apostolorum
492 849 554 926 fuit,
583 857 678 911 tamen
694 855 903 910 sacramentum
916 850 971 909 hoc
987 853 1039 912 sub
1054 857 1177 926 utraque
1192 857 1287 929 specie

110 955 247 1016 distribui
259 959 354 1032 jussit,
372 961 551 1017 contestatus
567 973 598 1017 se
614 957 655 1014 sic
670 955 812 1029 accepisse
827 956 983 1015 adomino.
1007 953 1079 1015 Item
1095 975 1157 1016 cum
1173 959 1287 1020 dilectio

109 1061 194 1122 nobis
209 1062 279 1119 insit
294 1079 311 1120 a
334 1066 440 1120 natura
457 1060 602 1121 Christum
623 1060 767 1122 dominum
785 1063 832 1120 hic
853 1063 943 1136 magis
958 1063 1183 1124 moderationem
1199 1066 1285 1126 dilec-

109 1167 198 1226 tionis
216 1183 300 1240 quum
316 1171 492 1240 praeceptum
509 1167 651 1226 statuisse.
683 1165 839 1225 Dilectioni
854 1166 929 1224 enim
945 1168 996 1226 hus
1012 1170 1112 1248 statuit
1127 1171 1239 1244 limites,
1256 1179 1288 1232 ut

110 1274 152 1330 sic
167 1287 199 1330 se
216 1272 337 1330 invicem
359 1272 499 1330 charitate
523 1274 780 1344 prosequerentur,
804 1271 880 1328 sicut
903 1269 1033 1330 Christus
1055 1283 1222 1347 prosecutus
1245 1283 1288 1336 est

111 1393 172 1436 eos.
212 1377 284 1436 Item
300 1381 408 1448 quanta
430 1377 515 1448 hujus
537 1375 696 1458 dilectionis
712 1373 893 1448 profunditas
909 1382 993 1450 esset,
1015 1393 1101 1448 quam
1116 1396 1198 1438 nemo
1214 1398 1289 1438 mor·

110 1482 214 1540 talium
230 1483 324 1540 verbis
340 1481 434 1566 eloqui
449 1485 544 1554 queat.
599 1479 759 1538 Persentiri
773 1484 870 1538 tamen
886 1497 948 1538 eam
963 1497 981 1538 a
995 1482 1077 1540 nobis
1093 1482 1188 1554 aliquo
1204 1484 1286 1544 modo

110 1603 199 1661 posse
214 1591 267 1644 etc.
290 1585 381 1660 Deus,
398 1587 447 1658 qni
463 1585 590 1643 charitas
607 1589 660 1658 est,
677 1577 759 1643 nubis
775 1586 891 1662 ethanc
907 1585 1075 1646 charitatem
1091 1587 1199 1648 donare
1215 1595 1243 1648 et
1257 1591 1287 1648 in

110 1709 147 1752 ea
162 1707 355 1764 perseverare
371 1691 512 1764 dignetur.
537 1691 654 1748 Amen·
790 1689 793 1695 ⁴

203 1795 313 1855 Eadem
328 1791 474 1853 Liberium
490 1794 528 1854 ad
547 1796 676 1854 comitem
698 1794 844 1854 aNassuu
860 1795 995 1869 misimus,
1020 1797 1074 1870 ipsi
1089 1813 1141 1857 nos
1156 1799 1286 1858 comitem

111 1919 130 1960 a
145 1901 320 1973 Schomberg
335 1901 534 1973 convenimus,
561 1906 698 1972 rogantes
713 1899 878 1960 utfratrem
893 1917 975 1961 suum
990 1901 1221 1976 archipresulem
1236 1921 1284 1964 eo-

8 2017 10 2070 l
111 2023 187 2084 rum,
204 2023 267 2080 qnae
282 2006 363 2066 nobis
378 2005 522 2080 pollicitus
538 2011 610 2079 erat,
627 2021 815 2065 memorasse
831 2007 927 2088 vellet,
943 2007 1117 2067 hortaretur.

202 2109 312 2170 Eadem
327 2109 496 2170 Wilhclmns
514 2125 607 2170 comes
630 2111 857 2185 cWitgenstcin
880 2113 1026 2172 nobiscum
1048 2131 1171 2187 pransus
1193 2120 1287 2176 estet

117 2215 264 2276 confestim
280 2232 298 2272 a
316 2211 438 2288 prandio
453 2214 581 2274 Joannes
602 2212 694 2275 frater
712 2223 810 2276 noster
836 2234 898 2276 cum
918 2217 1089 2278 Wendelino
1113 2219 1286 2279 Golbeohero

8 2399 10 2414 μ
119 2324 174 2381 iter
188 2323 219 2381 in
232 2322 354 2396 patriam
370 2321 510 2394 arripuit,
537 2325 619 2394 quem
637 2321 751 2382 Samuel
767 2327 795 2381 et
809 2319 939 2379 Eubulus
954 2323 993 2380 ad
1007 2322 1100 2381 stedia
1115 2323 1225 2396 aliquot
1239 2341 1287 2382 ex·

8 2471 9 2496 ,
119 2433 164 2486 tra
179 2427 339 2500 Augustam
354 2423 543 2484 deduxerunt.
566 2426 792 2485 Pennoctaturus
809 2431 905 2484 autem
920 2429 984 2484 erat
999 2441 1092 2484 comes
1106 2426 1125 2484 J
1127 2443 1234 2485 oannes
1250 2426 1287 2486 ad

8 2513 9 2556 ³
120 2532 257 2593 Werdum
271 2531 408 2605 Danubii,
425 2547 510 2604 quam
525 2532 625 2590 incolae
642 2530 821 2591 Schwebisch
836 2528 940 2589 Werdt
955 2511 1110 2589 nominant.

206 2637 283 2696 Nota
299 2636 485 2697 Wendelinus
500 2641 654 2710 antequam
669 2635 762 2697 abiret
776 2634 865 2692 Floro
887 2621 1010 2693 omnium
1026 2622 1158 2693 comitum
1174 2637 1287 2695 nomine

119 2740 176 2816 (me
190 2747 287 2800 tamen
302 2737 474 2814 inconsulto)
491 2740 589 2815 edixit,
613 2742 730 2800 comites
744 2737 863 2812 posthac
878 2755 1016 2812 expensas
1031 2757 1084 2814 pro
1100 2740 1149 2798 illo
1159 2733 1222 2799 ‘uon
1237 2757 1285 2799 ex-

118 2847 271 2920 posituros.
294 2846 354 2905 Sed
369 2845 445 2904 idem
460 2845 565 2905 Lindie
583 2845 659 2920 quod
674 2845 771 2905 Floro.

206 2951 292 3010 Venit
306 2951 448 3010 Henricus
464 2951 592 3026 Winter,
619 2951 754 3010 Werneri
768 2949 858 3022 iilius,
884 2951 933 3024 qui
948 2952 1025 3024 apud
1039 2951 1223 3010 Franciscum
1238 2971 1287 3012 uo-

8 3035 9 3040 *
116 3055 160 3114 his
176 3071 212 3113 ex
227 3061 310 3128 patre
324 3055 443 3114 fratrem
458 3057 487 3114 in
502 3055 609 3130 Anglia
623 3073 715 3116 annos
726 3057 835 3130 aliquot
849 3054 952 3142 iuerat.
976 3057 1060 3114 Nunc
1074 3063 1170 3116 autem
1185 3058 1287 3118 nudius

116 3160 220 3219 tertius
235 3160 396 3234 Augustam
420 3177 483 3218 cum
503 3159 617 3219 domino
640 3160 675 3220 de
697 3161 796 3236 Habyt
815 3161 971 3222 Britannis
988 3166 1017 3220 et
1037 3161 1195 3236 Anglorum
1211 3166 1287 3238 regis

117 3266 215 3339 legato
230 3265 394 3324 advenerat.

207 3369 272 3428 Mos
287 3368 433 3443 chnglis
444 3375 577 3429 servatur
593 3371 629 3430 ob
645 3373 740 3434 nescio
757 3387 828 3446 quas
843 3370 1047 3430 conventiones
1061 3371 1136 3428 inter
1152 3387 1287 3429 caesaram

118 3480 147 3535 et
162 3491 256 3548 reges,
271 3481 305 3534 nt
320 3474 432 3548 Angliae
450 3475 561 3548 legatus
584 3477 696 3550 integro
719 3457 844 3533 triennio
860 3475 953 3533 aulam
969 3475 1083 3532 caesaris
1098 3474 1288 3547 subsequatur

117 3595 150 3638 ac
166 3594 279 3653 semper
292 3583 401 3653 prresto
416 3581 454 3638 sit
469 3597 520 3638 nec
540 3580 655 3638 interim
670 3580 725 3637 nisi
740 3579 851 3651 magnis
871 3577 906 3636 de
922 3579 1013 3636 causis
1034 3578 1088 3650 ipsi
1103 3578 1225 3651 patriam
1240 3596 1285 3638 re·

117 3689 218 3757 petere
231 3685 326 3744 liceat.
349 3685 446 3746 Finito
462 3691 558 3744 autern
572 3685 696 3742 triennio
712 3683 787 3741 alter
807 3683 928 3741 mittitur
943 3681 1009 3741 huic
1023 3681 1186 3758 succedens,
1201 3683 1287 3758 idque

118 3789 159 3846 sic
173 3789 291 3863 singulis
307 3791 438 3849 trienniis
452 3791 614 3863 legatorum
628 3788 748 3847 mutatio
763 3786 805 3846 iit.

208 3893 308 3955 (lomes
323 3895 473 3969 Philippus
488 3893 579 3954 irater
593 3899 691 3954 noster
707 3909 768 3951 cum
785 3893 896 3954 Joanne
911 3893 1059 3955 Friderico
1081 3897 1204 3956 electore
1219 3913 1285 3970 cap-

118 3997 176 4057 tivo
192 4000 326 4059 coenavit.
350 3999 447 4059 (luente
462 4005 568 4059 nostrae
579 3999 839 4072 JoachimusHagk
853 4001 1000 4060 intererat.
1016 4001 1051 4058 *A
1066 4017 1148 4060 coena
1160 4002 1287 4060 ioannes

120 4119 212 4162 comes
228 4119 246 4161 a
261 4103 409 4178 Rethberg
424 4119 476 4164 nos
490 4104 606 4162 invisiit.
1084 4091 1086 4096 ’
1215 4107 1217 4112 ’

209 4207 386 4267 coloniensis
420 4210 450 4266 in
482 4207 574 4268 hortis
610 4207 833 4282 Grandevelsm,
866 4211 930 4282 ejus
961 4224 1078 4268 uxorem
1114 4214 1143 4267 et
1173 4209 1286 4284 liberos,

122 4311 264 4372 dominum
298 4313 333 4372 de
361 4313 470 4372 Buistri
497 4317 525 4371 et
554 4313 614 4394 ejus
644 4314 809 4387 conjugem,
840 4313 983 4372 dominum
1016 4313 1052 4371 da
1077 4312 1169 4388 Lyra,
1200 4315 1288 4374 domi·

123 4433 188 4478 num
203 4419 238 4480 de
254 4419 401 4494 Aigmont,
424 4419 561 4478 baronem
582 4418 618 4477 de
633 4417 816 4478 Brabantzon
837 4423 867 4476 et
887 4418 931 4476 cui
946 4419 1045 4492 primae
1061 4417 1200 4479 debentur
1216 4421 1287 4480 Wil-
