3028 4894
773 311 817 378 76

212 495 388 558 solummodo
401 502 435 556 ut
449 499 513 558 oret
526 497 557 556 in
571 493 628 558 tide
645 493 761 555 Christi.
792 492 911 557 Duabus
932 497 1028 552 autem
1047 492 1135 553 rebus
1151 495 1209 552 est·
1219 487 1392 551 stabilienda

212 603 314 676 oratio,
329 617 389 660 una
402 606 435 660 ut
449 617 534 661 orans
548 602 723 674 meminerit,
745 617 775 659 se
791 616 809 658 a
823 599 886 658 Deo
901 615 954 674 per
968 599 1101 658 moritum
1116 597 1236 658 Christi
1252 595 1390 666 exaudiri,

211 708 240 765 iu
256 722 312 780 quo
326 711 409 781 pater
431 723 462 766 se
476 723 528 766 nos
543 706 745 768 exauditurum
765 705 944 779 repromisit,
970 703 1062 762 altera
1084 701 1164 776 quod
1190 701 1328 760 Christus
1343 715 1392 759 nos

211 827 296 871 orare
308 812 427 883 iusserit
442 815 472 869 et
485 810 552 869 huie
566 811 706 870 innitetur
719 809 909 884 promissioni,
927 808 1004 880 quod
1015 807 1146 867 dominns
1164 807 1187 866 J
1188 821 1261 866 esus
1277 803 1391 864 dixerit:

215 915 378 989 «Quicquid
387 916 645 988 petierinsapatre
654 917 769 976 nornine
777 931 851 988 meo,
860 911 1018 987 eredentes,
1027 912 1107 971 dabit
1116 911 1238 970 vobis.»
1258 909 1393 969 Orantem

213 1023 302 1094 igitur
316 1035 375 1078 non
390 1019 495 1078 debere
511 1020 652 1094 dubitare,
668 1021 742 1078 siout
755 1035 831 1078 nuno
845 1017 975 1078 nonnulli
986 1018 1088 1077 docent
1097 1021 1150 1076 eto.
1179 1017 1262 1074 Item
1277 1004 1395 1074 neo'nos

213 1130 320 1184 nostrae
340 1125 477 1198 justitias,
497 1125 635 1199 probitati
652 1131 704 1184 aut
724 1124 868 1184 devotioni
891 1124 950 1182 sive
970 1123 1122 1183 intentioni
1141 1122 1235 1182 bonae
1250 1119 1395 1178 inhaerere

212 1234 361 1304 oportere,
389 1235 440 1290 aut
459 1229 546 1289 alium
571 1234 678 1305 preter
699 1228 844 1290 Christum
869 1230 1071 1303 opitulatorem
1091 1229 1137 1288 vel
1161 1229 1395 1286 intercessorem

212 1351 352 1409 quaerere.
386 1335 459 1410 Sed,
485 1337 613 1410 inquies,
642 1335 712 1410 quid
733 1335 888 1411 petendum
915 1339 966 1394 aut
987 1333 1128 1407 quomodo
1154 1331 1310 1392 orandum
1329 1326 1394 1388 est?

215 1441 362 1502 Orandum
377 1446 429 1515 est,
445 1441 547 1515 inquit,
563 1441 616 1500 tihi
627 1442 711 1515 juxta
725 1417 924 1516 praescriptum
932 1437 1038 1500 Christi
1052 1444 1081 1498 et
1089 1439 1278 1500 voluntatem
1294 1435 1393 1510 patris,

213 1548 254 1605 sio
274 1548 350 1606 enim
373 1545 534 1606 exaudieris
559 1563 612 1606 neo
631 1545 706 1605 ullus
726 1561 853 1619 unquam
874 1545 975 1604 melior
996 1544 1133 1616 magister
1146 1542 1243 1602 fuerit
1258 1539 1392 1614 praesori-

213 1650 298 1710 hendi
318 1651 434 1710 modum
453 1653 607 1725 orationis,
634 1668 668 1710 eo
691 1651 819 1718 Christus
834 1652 905 1724 ipse.
938 1648 1013 1708 Nam
1032 1651 1062 1708 in
1077 1650 1211 1714 oratione
1237 1646 1390 1715 dominica,

215 1770 391 1828 quaeeunque
410 1754 465 1814 Dei
488 1757 579 1829 patris
600 1753 737 1815 honorem
760 1762 790 1816 et
803 1755 979 1814 voluntatem
993 1759 1023 1812 et
1036 1759 1102 1813 tuas
1116 1755 1314 1813 necessitates
1330 1763 1393 1807 oon-

214 1865 344 1934 oernunt,
366 1859 463 1918 habes.
502 1859 533 1920 Si
551 1861 727 1934 interroges:
754 1859 828 1932 Quid
849 1863 944 1918 autem
967 1873 1094 1932 quaeram
1117 1859 1148 1918 in
1169 1857 1342 1918 miamimte
1364 1856 1392 1910 et

214 1965 369 2026 aerumnis?
393 1964 494 2037 Quaere
510 1963 654 2022 Christum
676 1980 757 2038 oeque
773 1980 807 2023 ao
821 1965 852 2022 in
866 1964 1022 2040 prosperis,
1045 1967 1073 2022 et
1095 1963 1178 2038 pulsa
1199 1964 1261 2023 hoo
1276 1960 1389 2020 ostium.

215 2072 281 2146 lpse
295 2070 370 2128 enirn
387 2073 431 2128 est
445 2069 563 2142 ostium,
584 2085 637 2144 per
652 2068 729 2143 quod
744 2071 793 2142 qui
808 2085 866 2128 non
881 2068 1037 2141 introierit,
1065 2067 1158 2128 Deum
1177 2067 1293 2128 videbit
1318 2079 1387 2122 nun·

214 2190 308 2249 quam.
346 2175 411 2248 Ipse
434 2174 498 2247 via,
522 2175 627 2234 veritas
648 2179 677 2234 et
698 2177 767 2235 vita.
796 2172 879 2246 Quod
894 2188 1008 2247 quoque
1028 2185 1127 2232 rursus
1143 2171 1280 2248 dominus
1301 2165 1390 2229 uerba
1479 2252 1480 2255 Ἴ

213 2294 267 2339 suu
280 2280 386 2354 repetit
401 2278 510 2339 dicem:
534 2277 589 2350 Qui
609 2279 697 2354 petit,
719 2279 840 2354 eooipiet
859 2283 924 2352 em,
954 2283 1055 2338 estex
1073 2275 1213 2338 ineffabili
1233 2271 1388 2338 salvatoris
1478 2339 1479 2344 ἵ

214 2388 307 2446 nostri
321 2386 392 2445 lesu
409 2384 514 2444 Christi
530 2399 599 2456 erga
613 2399 665 2443 nos
681 2383 821 2444 charitate
834 2383 1004 2458 profestum,
1026 2399 1083 2456 qno
1106 2399 1158 2442 nos
1172 2388 1235 2442 tam
1251 2378 1388 2440 divitibus

214 2489 449 2566 promissionibus
470 2486 507 2548 ad
529 2489 669 2548 instanter
690 2487 832 2546 orandum
846 2489 983 2550 ellioe'ret.
1026 2487 1188 2548 Ostendens
1206 2487 1291 2561 quod
1305 2489 1387 2559 pater

213 2596 338 2656 ooelestis
354 2593 462 2654 nullum
476 2595 636 2670 rejecturus
652 2593 698 2668 sit,
715 2593 1092 2665 cnjusounqueoonditionis
1108 2593 1154 2665 sit,
1170 2593 1260 2652 modo
1276 2608 1314 2650 ex
1328 2587 1384 2647 fide

212 2701 345 2759 meritum
361 2706 390 2759 et
402 2701 619 2773 promissionem
636 2698 743 2758 Christi
762 2697 895 2757 oraverit.
920 2697 1008 2756 Orate
1022 2699 1112 2772 igitur
1125 2699 1155 2756 in
1168 2699 1303 2758 omnibus
1319 2707 1383 2767 pro·

213 2807 305 2879 speris
320 2811 349 2864 et
363 2803 491 2864 adversis
508 2807 536 2862 et
550 2805 661 2862 unicam
677 2804 799 2878 gloriam
814 2802 922 2862 Christi
937 2807 966 2865 et
981 2805 1102 2864 salutem
1120 2811 1248 2864 vestram
1264 2799 1384 2876 quaerite

213 2915 242 2970 et
251 2907 415 2968 ardentibus
424 2909 499 2968 votis
508 2910 611 2968 ostium
620 2909 734 2966 micum
743 2909 781 2968 ad
790 2909 878 2968 vitam
887 2909 1008 2983 pulsam.
1023 2907 1178 2968 Hoenohis
1188 2905 1383 2976 donethenig·

216 3015 348 3072 nissimus
363 3021 448 3087 poter
461 3013 585 3074 eoelestis
597 3028 650 3086 per
662 3012 762 3072 desum
773 3013 862 3072 filium
875 3029 957 3072 suurn
971 3012 1113 3073 dominnm
1124 3018 1264 3072 nostrum.
1280 3012 1380 3070 Amen

303 3118 429 3178 Ostende
452 3117 534 3190 mihi,
560 3115 688 3189 domine,
713 3119 789 3177 viam
803 3125 897 3191 tuam,
922 3125 955 3177 ut
973 3119 1113 3178 ambulem
1132 3118 1163 3176 in
1184 3118 1309 3178 ueritate
1322 3119 1379 3182 tna,

214 3222 350 3296 confirma
370 3238 422 3281 oor
441 3237 536 3280 meum
554 3221 638 3282 unioo
652 3219 742 3280 verbo
757 3227 823 3296 tuo,
844 3228 878 3281 ut
891 3237 1005 3298 semper
1018 3227 1048 3282 et
1061 3222 1167 3297 ubique
1181 3237 1288 3281 nomen
1303 3226 1379 3278 tuum

213 3344 341 3388 venerer.
374 3327 423 3401 Et,
440 3326 553 3386 domine
568 3325 647 3385 Deus
662 3341 781 3400 magne,
804 3327 878 3386 bone
894 3333 924 3386 et
938 3328 1108 3400 misericors,
1132 3327 1157 3384 si
1170 3325 1379 3401 heneplacitum

212 3433 264 3494 tibi
279 3432 341 3508 huit,
358 3447 456 3494 servos
471 3436 535 3490 tuos
550 3432 580 3490 in
593 3430 741 3505 Babylone
757 3447 809 3506 per
824 3431 976 3491 deremiam
998 3431 1151 3491 admonere
1166 3445 1252 3490 orare
1267 3443 1321 3505 pro
1335 3439 1377 3484 sa·

211 3539 271 3598 luta
286 3541 364 3614 regis
380 3539 471 3612 illius,
496 3554 573 3597 nuno
593 3553 707 3612 quoque
730 3541 759 3596 et
773 3539 831 3595 tuoe
851 3541 982 3611 paternos
995 3536 1137 3594 uoluntati
1155 3551 1215 3595 non
1229 3535 1377 3609 displicere

212 3641 379 3702 confidimus
399 3648 428 3700 te
451 3648 480 3702 et
502 3660 554 3717 pro
577 3642 737 3704 domesticis
760 3641 867 3702 nostris
888 3657 981 3700 orare.
1020 3641 1110 3713 Igitur
1129 3639 1166 3700 ob
1180 3640 1313 3700 meritum
1328 3632 1376 3694 filii

212 3747 255 3806 tui
271 3746 445 3805 dilectissimi
462 3744 569 3805 domini
585 3749 676 3806 nostri
690 3749 760 3806 lesu
777 3745 883 3804 Christi
904 3751 933 3804 et
947 3744 1163 3819 promissionem
1177 3749 1207 3804 et
1219 3747 1302 3818 jussa
1319 3747 1375 3809 tua,

213 3849 262 3921 qui
285 3847 399 3906 mentiri
423 3864 481 3907 uon
495 3855 593 3921 potes,
618 3865 654 3908 ex
674 3851 737 3909 imis
757 3851 845 3910 animi
864 3850 938 3909 votis
962 3850 1165 3924 deprecamur,
1187 3842 1374 3926 imperatoris

213 3967 313 4028 regum
328 3955 358 4012 et
371 3953 590 4026 magistratuum
604 3960 778 4028 nostrorum,
795 3956 849 4015 suh
858 3971 980 4026 quorum
995 3958 1165 4028 potestatem
1181 3969 1234 4012 nos
1248 3954 1375 4026 redigorss

211 4059 339 4133 uoluisti,
362 4058 499 4116 miserere
519 4057 674 4116 secundnm
694 4059 903 4120 misericordias
925 4067 990 4120 tuas
1006 4060 1138 4132 antiquas
1153 4059 1313 4134 prinoipum
1326 4067 1372 4114 no·

212 4170 337 4224 strorum
353 4164 537 4237 captivorum,
554 4161 708 4224 reoordure
723 4167 753 4220 et
766 4163 857 4222 nostri
872 4167 903 4221 et
917 4163 1209 4224 domi‘dereliotorum
1224 4163 1305 4242 (quia
1318 4173 1372 4222 om·

213 4283 264 4327 nes
279 4269 401 4342 populus
416 4272 482 4326 tuus
498 4273 528 4327 et
542 4283 609 4326 oves
624 4271 810 4341 pascuatam
826 4267 936 4344 sumus)
951 4275 1101 4345 paternam
1115 4273 1214 4330 euram
1228 4269 1310 4332 habe.
1328 4261 1372 4324 Id·

213 4387 270 4446 que
283 4372 388 4432 iterum
401 4377 489 4446 utque
506 4373 613 4433 iterum
632 4388 684 4447 per
696 4372 877 4446 ‚latissimam
896 4372 948 4436 filii
963 4376 1006 4446 tui
1020 4373 1222 4450 triumphalem
1237 4370 1374 4434 assensio·
