3028 4894
705 261 747 327 18

228 448 316 509 Venit
330 461 424 508 comes
437 447 565 507 loannes
581 461 599 504 a
613 444 760 518 Rethherg
776 443 875 504 eadem
890 442 1031 504 loannem
1051 441 1171 504 fratrem
1185 449 1314 504 nostrum

140 560 267 614 veterem
280 548 365 613 ’11111
380 553 506 612 sodalem
520 551 654 611 invisere.

228 659 332 719 Battos
357 672 451 716 mures
474 657 606 731 Augusta
625 671 683 714 non
707 652 765 714 fert
786 655 823 715 oh
845 654 899 714 soli
922 653 966 731 (ut
987 655 1083 714 Maior
1108 653 1189 729 dicit)
1205 652 1315 728 frigidi-

140 769 243 838 tatem,
265 764 350 837 iuxta
364 764 492 837 papistas
508 767 617 836 autem,
641 761 719 835 quod
742 760 769 820 d.
786 761 878 822 Uhici
900 758 1032 834 precihus
1053 759 1089 820 ab
1112 759 1158 819 his
1177 761 1315 819 immunes

141 870 207 929 siut.
433 845 434 852 ἵ

232 974 305 1032 Tum
319 975 441 1046 primum
455 972 639 1033 Malvendam
659 989 773 1048 quoque
795 971 897 1031 adesse
912 971 1048 1045 comperi.
1087 971 1160 1029 ltem
1174 968 1316 1028 Bucerum

144 1078 283 1139 delusum.
323 1078 480 1138 considam
495 1079 640 1150 comitisa
654 1079 769 1139 Nasson
784 1075 847 1152 fnit,
864 1082 897 1137 nt
910 1080 973 1137 tuto
988 1077 1069 1137 saluo
1085 1055 1237 1136 conductui
1253 1073 1314 1134 Gas-

144 1183 217 1244 saris
231 1170 372 1243 fiderem.¹

179 1327 204 1362 ,
233 1288 384 1348 Goenatum
396 1287 485 1362 igitur
497 1294 544 1348 est
555 1288 633 1363 apud
643 1289 860 1364 Treverensem.
884 1287 1061 1348 lsEubulum
1075 1303 1128 1362 pro
1143 1287 1234 1346 ueteri
1248 1286 1318 1344 ami·

144 1395 212 1453 citis
226 1394 389 1453 humaniter
405 1394 527 1468 excepit.
541 1393 716 1453 intererant
730 1398 825 1452 autem
841 1393 970 1452 convivio
985 1392 1156 1453 Wilhelmus
1171 1408 1189 1451 1
1203 1390 1317 1450 Nassau

146 1505 175 1558 et
189 1499 365 1574 Dillenherg,
392 1504 421 1558 et
435 1499 562 1558 loannes
585 1515 603 1558 a
618 1498 732 1557 Nassau
757 1505 787 1558 et
802 1498 947 1558 Sarbrnck
961 1499 1091 1572 comites,
1114 1495 1254 1570 Georgius
1268 1494 1317 1554 ille

146 1605 282 1666 Wicelius
304 1605 406 1664 Fuldae
431 1603 617 1686 perturbator
637 1609 666 1662 et
684 1605 855 1676 prepositus
876 1602 992 1676 quidam
1011 1603 1244 1663 Vratislauiensis
1261 1599 1317 1661 Ge·

147 1711 244 1784 argius
259 1710 366 1784 Logus,
390 1710 518 1768 homines
534 1708 651 1780 quidem
665 1725 723 1767 non
738 1709 876 1783 illiterati,
903 1707 955 1767 sed
975 1724 1097 1782 quorum
1118 1707 1241 1768 eruditio
1256 1722 1319 1781 pes-

147 1815 216 1873 sime
231 1815 350 1874 hahitet.
390 1815 462 1873 Sunt
484 1815 558 1872 enim
581 1814 677 1873 hostes
703 1816 732 1871 et
746 1818 945 1886 persecutores
967 1814 1092 1873 omnium
1106 1815 1154 1888 pic
1170 1812 1319 1873 doctorum

78 1983 83 1988 .
148 1919 289 1992 acerrimi,
313 1923 346 1978 nt
359 1918 435 1977 mille
450 1919 546 1979 verbis
561 1919 675 1993 ipsimet
689 1917 878 1979 testabantur.
921 1917 1017 1992 Logus
1039 1919 1088 1978 ille
1109 1919 1201 1978 multa
1215 1919 1252 1978 de
1267 1916 1317 1976 ab·

147 2026 299 2097 negatione
314 2025 434 2084 1111111
448 2025 536 2084 Η1111
550 2025 761 2084 concionatoris
776 2023 999 2084 vratislaviensis
1014 2025 1135 2099 locutus,
1161 2025 1210 2098 111,
1227 2025 1320 2098 ipsum

149 2129 240 2188 multa
255 2129 293 2188 ad
307 2135 433 2188 ueterem
456 2128 690 2188 consuetudinem
714 2131 886 2204 immutasse,
909 2129 946 2188 ob
961 2128 1037 2203 quod
1052 2145 1115 2188 cum
1129 2131 1203 2190 male
1219 2145 1238 2189 s
1252 2129 1319 2188 ciui-

149 2234 203 2293 bus
220 2234 278 2292 suis
294 2234 416 2308 audiret,
433 2235 515 2308 quasi
530 2235 568 2294 ad
582 2233 692 2292 felicius
708 2235 788 2294 navis
802 2235 877 2294 latus
892 2234 1055 2308 posthabita
1070 2234 1176 2294 Christi
1191 2235 1322 2296 doctrina

151 2355 182 2399 se
195 2340 356 2416 inclinaret,
381 2355 442 2414 prae
456 2354 580 2398 moerore
596 2345 793 2414 consumptum
808 2356 879 2400 1111.
905 2339 962 2399 Sed
976 2341 1039 2414 quis
1059 2341 1188 2415 pessimis
1202 2340 1322 2401 homini·

151 2446 215 2521 bus,
232 2427 363 2507 debonis
380 2444 496 2508 sinistra
511 2446 703 2521 narrantibus,
720 2443 805 2504 fidem
820 2445 979 2505 adhibeat?
1002 2446 1144 2507 Bucerum
1159 2445 1322 2506 nesciebant

152 2567 237 2624 quem
251 2549 392 2626 facerent,
417 2567 493 2609 nunc
508 2567 573 2611 eum
589 2552 783 2626 sacerdotem,
806 2568 842 2610 ex
857 2551 1005 2611 sacerdote
1021 2551 1261 2625 dominicastrnm,
1285 2565 1320 2608 ex

152 2655 352 2716 dominicastro
369 2655 603 2732 Canthusianum,
627 2674 663 2716 ex
685 2655 875 2716 Carthusiauo
897 2657 1019 2718 aulicum
1040 2662 1070 2717 et
1084 2658 1162 2717 haud
1176 2658 1235 2717 scio
1250 2671 1322 2730 quas

55 2813 56 2816 ,
151 2763 395 2836 metamorphoses
418 2762 460 2820 illi
484 2760 690 2835 attribuentes,
720 2761 971 2834 chamelopardum
994 2763 1112 2837 iusuper
1134 2763 1322 2822 nominantes.

154 2865 283 2924 Tandem
299 2865 430 2926 effutiunt
445 2865 498 2924 sub
513 2864 592 2925 salvo
605 2866 747 2925 conductu
757 2866 870 2939 quidem
877 2867 1018 2926 Bucerum
1028 2867 1187 2942 Augustam
1201 2867 1322 2939 uenisse,

152 2968 203 3028 sed
221 2970 382 3030 arctissime
404 2970 534 3029 custodia
549 2970 602 3030 suh
617 2969 790 3029 marchionis
806 2971 938 3030 electoris
961 2973 1158 3033 commissione
1179 2972 1282 3045 teneri,
1306 2987 1325 3029 a

154 3075 207 3134 deo
222 3091 258 3134 ne
273 3074 439 3136 schedulam
455 3072 568 3147 quidem
582 3071 661 3134 foras
676 3075 801 3134 scribere
815 3075 923 3137 liceret.
953 3078 1026 3138 Item
1042 3078 1163 3139 eundem
1175 3078 1237 3150 jam
1251 3091 1325 3151 pene

154 3178 267 3240 duobus
288 3181 403 3255 scriptis
427 3194 457 3237 se
480 3177 567 3238 alium
588 3176 715 3237 futurum
736 3183 871 3240 testatum
893 3197 964 3241 esse.
1011 3184 1063 3242 Η11
1088 3183 1225 3243 wicelius
1245 3181 1325 3242 uelut

147 3284 248 3343 oleum
261 3285 373 3345 camino
388 3283 604 3343 subminishans
612 3282 761 3359 Philippus
770 3284 941 3346 Melanthou
955 3288 1044 3347 multo
1059 3289 1186 3362 apertius
1201 3289 1324 3346 mentem

154 3388 241 3448 aliam
256 3389 318 3462 ejus
333 3405 405 3464 esse,
421 3405 506 3464 quam
521 3387 652 3462 antehac,
669 3389 775 3464 scripto
790 3395 922 3450 testatur.
957 3392 997 3452 Ut
1009 3393 1125 3452 interim
1145 3397 1324 3467 preteream,

155 3509 219 3568 quse
242 3497 424 3570 inoptimnm
439 3495 531 3555 111111
546 3494 643 3555 Vitum
658 3494 840 3556 Theodorum
861 3495 1058 3557 deblateravit.
1105 3498 1162 3557 Sed
1184 3497 1222 3558 ah
1236 3495 1326 3572 pudet

156 3604 185 3659 11
205 3599 283 3659 dolet
304 3600 387 3672 hujus
415 3596 593 3660 11111111111
625 3599 771 3660 hominum
791 3601 837 3660 uel
856 3601 999 3662 audivisse
1023 3604 1068 3662 vel
1081 3603 1252 3677 meminisse,
1276 3601 1325 3675 qui

154 3705 277 3778 magiam
292 3709 322 3764 11
335 3705 498 3764 idolatriam
513 3705 661 3780 propalam
676 3704 856 3766 confitentur.

242 3808 321 3868 Nota
336 3809 372 3869 de
387 3810 489 3869 comite
503 3810 533 3868 iu
549 3809 702 3885 Hispania,
729 3811 778 3884 qui
800 3827 852 3885 per
868 3827 950 3872 suum
972 3810 1060 3872 fidum
1075 3810 1280 3872 cubicularium
1294 3825 1325 3869 11

150 3913 278 3989 jugulari
291 3919 444 3974 curaverat
458 3930 491 3974 ac
505 3913 618 3973 humari
631 3915 729 3988 iussit,
754 3930 872 3989 sperans
888 3933 919 3976 se
933 3917 1010 3976 iutra
1031 3932 1143 3976 menses
1158 3917 1269 3991 aliquot
1279 3916 1325 3989 jn·

155 4025 353 4080 senescentem
376 4020 414 4081 ad
436 4020 525 4079 vitam
546 4017 643 4078 redire
658 4034 742 4092 posse
758 4024 811 4078 etc.
841 4025 871 4078 et
891 4021 969 4094 quod
990 4027 1100 4096 septem
1121 4021 1265 4082 mensibus
1280 4036 1325 4080 se-

155 4123 276 4198 pulchro
305 4129 407 4199 aperto
428 4125 559 4184 inuentus
581 4123 618 4182 sit
640 4126 776 4196 tanquam
798 4121 891 4185 infans
909 4128 940 4186 in
961 4132 1046 4188 utero
1066 4129 1166 4189 matris
1185 4141 1326 4202 crescens,

733 4259 749 4296 1

230 4350 242 4396 1
263 4343 395 4410 lhujusoe
412 4344 503 4397 forinas
520 4343 663 4399 hominum.
