2940 4900
641 355 703 422 145

161 533 278 594 Eadem
294 535 401 594 Florus
416 535 680 622 rursusaprandio
690 534 911 596 Atrebatensem
926 535 1070 596 convenit.
1096 535 1154 595 Sed
1168 533 1258 594 surdo

78 635 171 696 fabula
192 639 368 700 canebatur.
405 639 594 713 Pinsingerns
617 642 731 714 quidem
752 642 827 701 bene
840 640 971 713 volebat,
987 657 1087 725 verum
1103 641 1260 700 occasiost

80 743 172 802 nescio
189 745 258 817 quis
275 747 371 806 malus
383 741 486 820 deuius
500 746 544 804 illi
558 745 680 808 obstitit

161 847 303 906 Mnrcbio
319 850 461 923 loannes,
486 849 628 910 Joaehimi
652 851 783 912 electoris
803 849 909 923 frater,
935 851 984 924 qui
998 849 1145 934 Francisci
1160 848 1257 908 Lune-

79 949 227 1024 bnrgensis
250 953 337 1012 ducis
359 954 495 1028 ditiones,
516 970 587 1029 ques
610 969 701 1014 cessar
723 956 885 1017 rebellionis
912 972 980 1030 ergo
1003 955 1043 1015 sd
1063 953 1259 1028 sepertinere

78 1059 165 1130 putat,
182 1054 242 1116 sibi
258 1074 446 1133 comparasse
461 1058 575 1130 dicitur,
591 1057 743 1118 admodum
757 1060 860 1134 exiguo
876 1059 1011 1120 satellitio
1020 1059 1087 1119 binc
1101 1059 1197 1118 multis
1212 1059 1258 1116 iu·

82 1159 211 1219 salutatis
227 1162 342 1222 abiisse
358 1163 470 1222 dicitm·.

162 1265 202 1338 vij
218 1266 309 1324 Junii
325 1266 353 1325 d.
368 1267 496 1326 loannes
511 1267 653 1325 Hemicus
673 1267 704 1326 in
723 1267 785 1326 aede
805 1269 935 1338 Mauritii
955 1274 1041 1343 ceput
1066 1272 1107 1328 14
1129 1267 1258 1342 epistola

79 1363 271 1430 adRomeuos
289 1370 448 1445 explanare
463 1371 559 1444 oepit,
575 1370 672 1443 legens
687 1373 749 1430 haec
764 1372 864 1430 verbs:
890 1373 1002 1432 »Porro
1018 1387 1092 1446 enm,
1110 1372 1160 1446 qui
1175 1359 1274 1430 infir-⁸

10 1507 12 1512 .
81 1477 187 1546 matur,
208 1472 271 1533 fide
289 1476 427 1535 assumite
448 1490 506 1534 uon
521 1475 560 1533 ed
575 1473 794 1548 dijudicationes
810 1476 1057 1552 disceptationum.
1096 1477 1180 1534 Alius
1194 1475 1258 1548 qui-

81 1575 139 1634 dem
154 1579 249 1641 credit
271 1580 447 1640 vescendum
466 1595 530 1638 esse
549 1581 738 1654 quibuslibet,
763 1580 836 1638 elius
856 1585 965 1654 autem,
989 1582 1038 1652 qui
1058 1565 1188 1640 infirmus
1204 1583 1257 1653 est,

80 1678 222 1742 holeribus
239 1686 379 1744 vescitur.
410 1684 464 1757 Qui
478 1685 602 1743 vescitm·
617 1699 675 1744 nou
689 1689 849 1744 vescentem
864 1702 901 1744 ne
917 1685 1068 1759 despiciet,
1091 1689 1121 1742 et
1135 1684 1185 1758 qui
1199 1698 1259 1742 non

81 1787 217 1862 vescitur,
243 1794 410 1848 vescentem
425 1805 461 1848 ne
475 1786 594 1860 judicet.
632 1787 711 1846 Deus
727 1789 802 1846 enirn
816 1789 897 1846 illum
920 1790 1093 1863 assumpsit«
1110 1792 1164 1847 etc.
1203 1787 1260 1846 Hic

11 1973 12 1976 Ἴ
84 1890 203 1948 ostendit
225 1892 307 1952 hanc
329 1893 480 1966 epistolum
499 1892 528 1951 d.
544 1892 666 1950 Paulum
688 1893 726 1952 ad
741 1894 898 1968 Romanos,
922 1895 976 1952 hoc
991 1898 1036 1952 est
1049 1893 1259 1952 Romanensem

11 2001 13 2070 ¹,
87 1993 234 2056 ecclesiam
250 1998 412 2071 scripsisse,
429 2002 458 2057 et
473 1999 541 2071 quia
555 1998 616 2056 hece
632 2015 668 2056 ex
682 1998 814 2071 gentibus
830 1996 978 2056 etJudaeis
994 2002 1169 2071 congregata
1185 2000 1257 2070 erat,

13 2078 14 2096 ¹
86 2104 180 2167 gentes
189 2101 367 2186 'evangelica
382 2103 515 2162 libertate
530 2107 642 2162 utentes
658 2102 831 2175 quibuslibet
846 2103 915 2162 cibis
925 2103 1124 2176 uescebantur,
1141 2102 1190 2175 qui
1204 2117 1255 2160 eu·

13 2239 15 2290 3
89 2205 142 2258 tem
156 2219 192 2262 cx
206 2206 363 2266 ludaismo
378 2211 475 2280 erant,
493 2207 673 2279 judaicarum
694 2207 921 2266 caerimoniarum
941 2208 1050 2266 assueti
1064 2207 1101 2265 ab
1116 2208 1166 2280 iis,
1192 2222 1257 2279 quse

88 2304 114 2361 in
127 2307 190 2380 lege
205 2310 355 2382 prohibita
370 2317 469 2386 crant,
491 2311 674 2372 abstinebant
688 2325 742 2371 nec
762 2318 821 2370 tam
842 2311 918 2368 illico
938 2310 1065 2369 libertati
1086 2309 1258 2382 evangelica

13 2400 15 2482 i,
88 2409 266 2473 subscribere
281 2420 447 2490 potuerunt.
487 2414 559 2474 Oria
580 2417 668 2488 igitur
687 2416 766 2491 inter
784 2411 836 2472 bos
853 2413 924 2472 duos
938 2413 1060 2486 populos
1076 2413 1259 2472 contentione

14 2535 15 2584 3
90 2519 116 2571 et
128 2516 219 2577 altero
235 2520 327 2578 alium
343 2525 541 2579 contemnente
556 2521 603 2579 vel
617 2536 647 2578 se
662 2521 756 2590 ipsum
770 2518 834 2576 aliis
849 2514 1030 2591 praeferente,
1045 2515 1075 2574 d.
1085 2516 1192 2576 Paulus
1208 2532 1255 2576 co·

14 2633 15 2638 ¹
90 2622 164 2680 ectus
178 2628 224 2681 est
240 2625 388 2696 singulare
403 2630 489 2698 caput
503 2625 533 2682 in
548 2623 603 2683 hac
617 2622 740 2698 epistole
756 2620 791 2680 de
805 2621 984 2681 hiscerebus
999 2621 1188 2694 conscribere,
1205 2620 1257 2680 do·

14 2807 15 2810 ¹
91 2735 152 2781 oens
167 2728 314 2798 quomodo
334 2733 455 2802 utraque
477 2744 547 2801 gens
569 2729 645 2786 sein
663 2727 717 2786 hoc
731 2730 846 2800 gereret
860 2741 895 2784 ec
914 2741 945 2784 se
960 2727 1054 2799 ipsum
1069 2724 1179 2784 Paulus
1192 2740 1259 2784 con·

92 2826 245 2890 ciliatorem
263 2848 296 2891 ao
311 2832 455 2896 doctorem
471 2833 501 2890 in
515 2831 610 2891 medio
625 2830 810 2904 interposuit,
832 2831 938 2890 docens
963 2845 1077 2904 quoque
1096 2845 1154 2904 quo
1174 2836 1260 2903 pacto

93 2927 215 2994 infirmus
239 2937 271 2995 in
295 2935 351 2996 lide
371 2936 575 2996 sustentandus
599 2937 637 2995 sit
652 2940 705 2994 cto.
744 2934 827 3007 Quod
848 2940 944 2995 autem
966 2935 1062 2994 omnia
1082 2935 1189 2996 munda
1202 2937 1261 2996 sint

16 3034 18 3114 i
93 3038 208 3115 mundis,
226 3041 406 3101 ecclesiastes
421 3057 458 3100 ex
466 3040 561 3100 verbis
570 3038 688 3099 Christi:
706 3039 794 3099 »lion
807 3039 884 3112 quod
898 3040 988 3098 intrat
1002 3040 1032 3098 in
1047 3055 1079 3098 os
1094 3041 1261 3115 coinquinat

16 3195 17 3200 ,
94 3135 252 3206 honinem«
266 3152 318 3204 ete.
330 3146 470 3220 probavit.
491 3144 645 3204 Addueens
656 3147 686 3204 in
695 3146 749 3204 hoc
758 3147 851 3221 ipsmn
861 3149 890 3204 et
899 3145 971 3204 alios
986 3146 1095 3219 aliquot
1104 3148 1259 3221 scriptura-

17 3230 19 3266 ³
96 3247 247 3308 mmlocos.
271 3251 317 3309 lta
328 3254 424 3308 tamen
434 3248 470 3308 de
480 3249 669 3323 suscipiendis
680 3249 800 3310 infirmis
809 3248 916 3324 docuit,
932 3267 969 3309 ne
984 3249 1115 3310 refractis
1127 3256 1157 3309 ct
1170 3251 1258 3311 obsti-

97 3350 164 3408 natis
179 3354 347 3426 petulentia
362 3354 441 3412 locus
456 3357 578 3426 pateret.
602 3355 675 3414 Item
690 3355 868 3414 conducibile
883 3354 1101 3428 videriaJebat,
1117 3361 1147 3413 et
1160 3360 1260 3414 nostro

98 3447 147 3510 boc
160 3471 221 3518 asso
237 3458 359 3517 Paulum
374 3458 664 3532 aliquemexurgere,
682 3459 731 3532 qui
750 3459 974 3518 controversiam
988 3458 1137 3529 religionis
1152 3471 1188 3515 ea
1203 3473 1261 3529 qua

98 3550 196 3618 Paulus
218 3561 362 3634 probitate
386 3567 578 3635 componeret.
616 3561 696 3620 Deus
717 3564 839 3636 optimus
861 3562 1014 3633 maximus,
1041 3566 1074 3619 ut
1088 3558 1216 3632 quotidie
1230 3561 1262 3620 in

100 3653 148 3718 fide
162 3668 190 3722 et
206 3665 333 3738 puritate
356 3663 423 3724 fidei
437 3665 613 3726 robustiores
632 3663 701 3724 facti
721 3663 847 3724 infirmos
868 3679 981 3737 quoqne
997 3664 1192 3739 suscipiamus,
1208 3663 1259 3726 do·

100 3768 152 3836 net,
167 3783 201 3825 ac
224 3774 256 3827 ut
271 3769 342 3826 nulli
357 3769 478 3828 alienius
500 3770 628 3829 scandali
647 3786 719 3828 ansa
739 3768 790 3829 sed
811 3769 971 3842 exemplum
991 3769 1022 3826 in
1044 3767 1261 3856 aedificationem

102 3865 188 3936 sinus.
226 3871 318 3946 quue
338 3890 391 3947 per
410 3874 508 3933 Jcsum
529 3873 674 3933 Christum
691 3874 835 3937 dominum
850 3879 992 3950 nostrum,
1017 3876 1144 3949 quicum
1160 3877 1261 3936 eodem

102 3977 176 4039 petre
192 3983 220 4036 et
235 3985 334 4038 sancto
350 3981 453 4054 spiritu
467 3980 633 4041 benedictus
648 3970 683 4039 in'
693 3979 796 4038 secula.

179 4083 307 4143 loannes
321 4083 449 4144 marchio
464 4101 518 4144 uec
531 4089 726 4160 tegumentum
739 4083 819 4157 illud,
836 4081 914 4156 quod
927 4085 1013 4157 vulgo
1028 4082 1133 4142 coelum
1147 4085 1259 4152 vocant,

103 4177 190 4246 indie
210 4189 340 4261 corporis
362 4187 467 4248 Christi
493 4196 624 4264 gestare,
653 4205 705 4249 nec
726 4189 846 4248 Interim
874 4187 917 4246 illi
936 4183 1115 4246 subscribere
1137 4183 1281 4242 voluissev

104 4283 204 4350 dicitur.

182 4399 237 4471 De,
253 4396 375 4473 domine,
391 4399 468 4472 qnod
481 4397 524 4474 fit,
539 4404 572 4458 ut
583 4401 667 4472 Juxta
681 4397 857 4460 voluntatem
877 4399 955 4454 tuem
970 4390 1033 4451 fiat.

143 4520 253 4565 waresca.
1009 4499 1049 4554 10
