3028 4894
689 339 729 403 81

120 527 169 594 est,
185 521 267 594 cnjus
282 521 389 581 animae
404 521 546 594 propitius
562 519 753 579 sitdominus.
797 520 824 578 A
839 521 937 592 coquis
954 521 1155 597 landtgruriae,
1178 521 1292 583 Coloni·

121 627 226 684 ensium
242 632 273 685 et
289 628 402 686 comitis
417 643 435 684 a
450 627 565 686 Nasson
581 623 695 686 funebri
709 641 814 698 pompa
828 626 957 700 sepultus
980 633 1032 685 est.
1064 629 1175 688 Eadem
1191 635 1220 687 et
1234 635 1293 688 tres

120 731 166 788 alii
179 732 244 802 ipsa
259 731 317 790 hac
333 737 417 790 nocte
433 728 576 789 interfecti
592 736 659 788 sunt
675 736 704 788 et
718 730 838 788 Martini
853 732 913 790 coci
930 732 1079 804 sepulchro
1094 734 1227 806 impositi.

202 837 242 909 xij
259 837 337 910 Maji
353 839 382 895 in
398 836 506 910 templo
522 836 653 895 Mauritii
673 836 701 893 d.
727 835 874 894 Masculus
895 835 931 894 de
952 838 1148 911 amputatione
1171 839 1237 897 vitis
1259 855 1295 896 ex

121 955 178 1012 cap.
188 957 225 1000 xv
233 941 253 999 J
254 941 359 1000 oannis
375 941 560 1000 concionatus
576 945 629 1014 est,
645 939 734 998 multa
751 940 786 998 de
802 941 930 1000 bonitate
945 943 1036 1014 patris
1046 943 1171 1002 coelestis
1186 942 1293 1017 dicens,

121 1045 166 1114 qui
187 1061 244 1102 non
268 1047 369 1105 statim
390 1046 522 1120 palmites
543 1051 686 1118 amputet,
716 1045 767 1104 sed
788 1045 826 1104 ad
845 1062 936 1105 annos
957 1048 1066 1120 aliquot
1086 1047 1245 1121 poenitendi
1266 1054 1293 1106 et

121 1149 289 1209 emendandi
313 1153 436 1224 spatium
458 1128 681 1210 misericorditer
700 1150 837 1210 concedat
852 1157 907 1210 etc.
924 1151 1012 1210 ltem
1034 1152 1069 1210 de
1090 1153 1249 1226 improuida
1265 1161 1294 1212 et

121 1255 258 1328 praecipiti
275 1257 487 1330 amputatione,
516 1271 573 1328 qua
587 1255 618 1314 hi
633 1261 762 1328 utuntur,
788 1256 837 1328 qui
853 1272 883 1312 se
898 1255 1026 1314 ecclesias
1041 1256 1249 1329 gubernatores
1265 1263 1294 1316 et

122 1359 211 1429 capita
226 1361 391 1432 gloriantur
412 1367 440 1418 et
459 1360 561 1418 haberi
579 1361 691 1433 uolunt,
713 1363 746 1420 Φ
764 1360 887 1417 maxime
906 1359 978 1418 illud
998 1359 1135 1432 urgebat:
1156 1360 1292 1418 «Omnem

121 1463 264 1536 palmitem
278 1462 422 1523 ferentem
436 1461 559 1522 fructum
575 1466 605 1522 in
615 1481 690 1538 me,»
708 1470 792 1538 pater
806 1464 950 1536 purgabit,
967 1463 1063 1522 multis
1075 1463 1293 1523 euidentissimis

122 1571 296 1640 argumentis
315 1570 525 1642 demonstrans,
547 1586 632 1641 quarn
651 1585 709 1627 non
729 1570 767 1626 sit
781 1569 855 1626 ullus
870 1569 1034 1628 mortalium
1048 1570 1094 1627 vel
1108 1571 1194 1627 etiam
1210 1586 1291 1638 sanc-

119 1674 239 1732 tissimus
257 1675 382 1746 quisque
401 1673 477 1730 omrri
496 1677 625 1746 exparte
638 1674 770 1746 mundus,
785 1673 962 1746 juxtaillud:
982 1673 1071 1744 «Quis
1081 1680 1176 1747 potest
1186 1674 1290 1748 dicere,

122 1785 227 1838 castum
242 1783 289 1838 est
303 1795 355 1838 cor
368 1777 501 1836 meum‘l»
522 1776 615 1836 obiter
628 1777 682 1838 hos
697 1785 809 1852 taxans,
822 1780 871 1850 qui
886 1783 1000 1838 sanctos
1015 1783 1142 1838 mortuos
1158 1781 1291 1837 invocare

124 1883 318 1958 imaginesque
334 1899 433 1942 eorum
451 1883 545 1941 colere
560 1883 728 1957 docuerunt,
742 1886 901 1944 obticentes
916 1883 992 1956 ipsos
1008 1899 1121 1956 qnoque
1137 1883 1294 1969 aliquando

123 1995 285 2058 peccatores
301 1988 400 2061 fuisse,
417 1989 577 2062 exemplum
592 1989 711 2048 Davidis
726 1990 885 2062 adducens,
912 1990 962 2061 qui
982 1995 1064 2048 extra
1079 1992 1166 2050 uitem
1182 1989 1290 2062 palmes

125 2095 249 2162 peccauit
263 2096 296 2152 in
311 2094 453 2153 adulterio
469 2110 533 2150 cum
547 2094 694 2155 Bethsaba
714 2100 743 2153 et
764 2097 794 2153 in
810 2093 965 2154 occidendo
981 2094 1053 2154 Uria
1072 2111 1125 2167 per
1139 2095 1238 2152 literas
1254 2094 1292 2153 ad

124 2195 194 2256 Joab
208 2205 264 2258 etc.
290 2200 349 2258 Sed
364 2205 447 2272 pater
466 2199 607 2272 benignus
628 2217 692 2259 eum
707 2201 849 2274 purgavit,
871 2204 904 2257 ut
917 2215 1017 2258 rursus
1032 2200 1153 2273 largiter
1167 2198 1291 2257 fructum

124 2299 218 2360 inrita
233 2301 336 2364 ferret.
372 2303 517 2362 Interdum
539 2304 644 2364 electos
664 2321 700 2362 ne
725 2307 755 2362 in
771 2304 853 2362 donis
869 2303 1050 2375 superbirent
1065 2303 1111 2362 vel
1126 2303 1290 2362 recalcitra-

123 2413 190 2480 rent,
206 2411 283 2468 sicut
298 2409 391 2468 Paulo
407 2409 490 2468 datus
506 2416 550 2468 est
565 2410 695 2468 stimulus
712 2409 741 2466 in
758 2425 844 2466 carne
861 2411 890 2466 et
906 2407 1015 2466 Sathan
1031 2423 1094 2465 eum
1111 2407 1291 2480 colophisans

125 2513 172 2568 etc.
194 2513 244 2572 Ait
259 2530 393 2587 quoque,
418 2515 491 2573 sieut
509 2513 691 2586 putredinem
706 2514 852 2587 corporis,
877 2514 918 2570 ita
934 2519 963 2571 et
978 2512 1078 2572 animm
1095 2512 1224 2570 similiter
1238 2511 1290 2570 du-

124 2614 219 2686 plicem
234 2635 317 2692 esse,
343 2634 420 2691 eam,
445 2635 509 2690 quae
532 2619 610 2678 uenit
631 2616 708 2676 foras
731 2617 770 2675 ad
790 2633 893 2689 corpus
918 2622 1024 2675 eteam
1040 2633 1104 2690 quae
1120 2632 1291 2690 excerpere

37 2735 39 2796 ς
126 2724 256 2790 procedit.
298 2721 387 2781 Primi
406 2724 520 2796 generis
543 2729 610 2780 sunt
630 2720 716 2780 foetor
731 2708 906 2780 vel'stercua
922 2723 1023 2782 calceis
1039 2722 1189 2780 adhaerens
1204 2721 1292 2779 ethis

37 2807 38 2846 l
126 2824 230 2887 sinilia.
257 2828 398 2888 Secunda
413 2827 573 2901 putredinis
593 2828 702 2900 species
718 2831 785 2884 sunt
800 2826 918 2900 pituita,
943 2826 1076 2899 sudores,
1101 2826 1292 2900 graviolentia

37 2929 38 2994 i
127 2924 223 2991 halitus
238 2935 309 2994 etsi
324 2932 393 3005 quid
407 2934 506 2992 talium
522 2924 648 2992 sordium
664 2932 709 3006 sit,
726 2931 857 3004 aquibus
869 2929 940 2991 foris
955 2933 1065 2991 animus
1081 2931 1290 3004 coinquinetur,

37 3033 38 3054 ¹
128 3035 211 3102 qualis
225 3044 273 3097 est
290 3041 405 3099 morbus
426 3042 557 3112 aprovis
580 3038 727 3110 colloquiis
747 3043 777 3095 et
796 3037 882 3110 impio
905 3037 1039 3096 sodalitio
1055 3041 1227 3108 contractus,
1243 3037 1297 3114 abs

128 3135 196 3197 intus
210 3159 282 3202 vero
297 3145 379 3202 malae
396 3145 584 3218 cogitationes
600 3150 630 3202 et
646 3143 826 3200 conscientiae
843 3143 970 3200 maculae.
987 3140 1173 3217 Etproiecto,
1189 3142 1290 3214 inquit,

130 3239 226 3304 diversi
241 3254 311 3307 sunt
325 3249 401 3308 modi
416 3250 558 3323 sordium,
579 3265 645 3307 nam
661 3249 724 3306 aliae
740 3248 803 3304 aliis
819 3253 850 3306 et
863 3246 933 3306 ioris
954 3254 983 3308 et
997 3249 1074 3307 intus
1089 3247 1217 3306 tenacius
1232 3246 1291 3302 hae-

37 3373 38 3382 *
130 3354 196 3409 rent.
234 3353 310 3412 Nam
327 3355 430 3426 siquis
454 3355 563 3415 calceos
586 3352 786 3426 maculaverit,
809 3353 838 3409 in
855 3352 968 3411 domum
984 3353 1130 3426 optimatis
1144 3348 1293 3422 crujusdam

130 3449 228 3516 intrare
244 3458 343 3517 uolens
360 3458 457 3536 (modo
473 3459 609 3518 horrestus
625 3458 667 3515 vir
684 3453 733 3530 sit)
757 3456 904 3530 pulverem
927 3459 1076 3526 extergere
1090 3454 1180 3526 jubet.
1218 3452 1292 3510 Alia

131 3569 190 3618 vero
204 3562 305 3622 sordes
321 3563 406 3621 aliam
421 3563 621 3636 pmgationem
636 3563 796 3633 requirunt.
845 3559 919 3617 Nam
933 3560 964 3615 in
978 3556 1129 3631 putredine
1143 3558 1292 3615 uulnerum

132 3657 159 3720 tt
171 3670 266 3728 sectio.
291 3669 336 3728 Ita
350 3669 471 3743 vinitor,
494 3670 543 3740 qui
559 3669 653 3727 omnia
668 3667 760 3738 novit,
786 3665 872 3722 aliurn
887 3665 950 3737 hae,
967 3663 1089 3722 alterum
1104 3663 1154 3722 illa
1168 3676 1293 3735 purgare

37 3779 38 3806 l
133 3772 203 3831 acuit
216 3774 278 3846 uia;
295 3773 319 3830 is
336 3774 445 3847 durius,
461 3773 507 3830 hie
522 3774 618 3831 mitius
634 3770 671 3830 ab
687 3787 721 3828 eo
736 3774 887 3841 tractatur,
905 3783 1017 3841 semper
1032 3772 1129 3826 tamen
1144 3769 1174 3826 in
1189 3767 1293 3827 bonum

37 3899 38 3956 q
133 3874 179 3933 sui.
205 3879 247 3936 Et
260 3885 354 3952 certe,
380 3880 435 3951 ait,
458 3878 537 3936 haud
556 3893 621 3935 enm
645 3875 799 3934 christiano
821 3876 935 3934 nomine
950 3874 1066 3948 dignum
1082 3875 1221 3947 duxerim,
1246 3872 1295 3946 qui

133 3979 232 4042 calceos
248 3982 414 4057 abstergere
431 3984 526 4057 novit,
551 3988 580 4041 et
594 3999 653 4042 non
667 3991 764 4040 secum
778 3980 994 4054 recogitaverit,
1016 3980 1039 4037 si
1055 3996 1140 4052 quam
1155 3979 1295 4037 maculam

135 4089 305 4146 ausciensis
320 4090 488 4162 accepisset,
505 4093 537 4146 ut
552 4103 614 4146 eam
630 4085 784 4159 aliquando
799 4100 925 4158 purgare
941 4090 1063 4158 satagat.
1101 4080 1228 4141 Putredo
1244 4096 1294 4138 au-

133 4188 183 4248 lem
195 4192 245 4254 illa
260 4211 319 4254 non
333 4195 412 4252 venit
433 4209 469 4252 ex
489 4193 585 4265 stipite
606 4207 658 4248 nec
671 4207 709 4249 ex
730 4190 829 4249 radice
845 4196 896 4248 aut
910 4189 1000 4247 nobili
1015 4203 1031 4244 e
1046 4201 1130 4244 succo
1145 4185 1220 4258 vitis,
1244 4184 1296 4243 sed
1339 4230 1342 4234 .

135 4306 165 4350 aa
178 4296 397 4374 degeneratione
411 4297 567 4370 palmitum.
598 4296 745 4354 Praeterea
760 4295 980 4364 meminerimus,
1004 4293 1029 4348 si
1044 4306 1101 4362 qua
1117 4289 1294 4362 abenignis-

135 4398 195 4460 sino
210 4407 293 4477 patre
312 4419 382 4460 crux
403 4401 485 4462 nobis
507 4398 685 4476 imponatur,
710 4399 739 4456 id
762 4397 826 4456 fieri
842 4399 872 4455 in
887 4396 1088 4472 purgationem
1103 4394 1208 4454 ueteris
1223 4391 1296 4450 Adae

172 4527 283 4571 Wuldaak.
1065 4502 1083 4554 6
