3028 4894
701 314 744 380 el

133 495 373 570 obequiterimus,
389 495 440 555 ubi
454 495 492 556 ad
506 491 579 569 Lyci
592 496 692 556 littora
704 498 736 556 in
750 512 839 557 arena
852 514 957 572 pueros
973 515 1114 561 caesareos
1129 517 1218 576 equos
1232 501 1308 562 Nea·

133 601 278 676 politanas
307 607 473 661 asturcones
501 605 530 661 et
559 617 649 674 equos
677 602 799 676 celeres,
830 619 901 676 quos
924 610 1042 679 ganatos
1065 613 1182 682 vocant,
1213 608 1308 681 girere

134 705 225 765 etad
246 711 400 779 utrumque
422 707 496 766 latus
517 708 547 766 in
567 705 652 766 orbes
674 711 802 782 vomere,
825 714 857 769 ut
876 711 1001 782 peritum
1022 716 1067 770 est
1085 713 1233 784 equitandi
1254 712 1309 771 hoc

133 826 225 885 genus
245 813 406 886 hominum,
429 812 562 872 vidimus.
592 811 688 885 Major
711 817 807 872 autem
826 811 928 872 horum
942 831 1010 887 pars
1029 818 1190 891 principum
1210 824 1239 876 et
1259 831 1306 876 oo·

133 916 234 975 mitum
257 915 318 976 filii.
356 917 396 976 Et
418 917 486 977 dum
514 918 544 976 in
564 917 665 978 urbem
686 920 793 978 reverti
815 919 958 994 cupimus,
987 917 1050 980 iere
1071 922 1102 979 in
1122 922 1194 996 ipsis
1216 922 1308 995 portis

132 1020 284 1096 Adolphus
306 1021 483 1082 coloniensis
504 1023 733 1097 archiepiscopus
753 1041 817 1083 curn
838 1025 981 1098 equitibus
1002 1025 1066 1101 plus
1081 1027 1174 1085 minus
1188 1026 1308 1101 triginta

133 1127 217 1186 nobis
231 1123 264 1186 fit
286 1127 395 1187 obvius.
433 1127 507 1186 Erat
525 1127 556 1186 in
577 1129 612 1186 iis
633 1129 750 1202 campis,
773 1131 804 1188 in
826 1147 884 1202 quo
905 1133 988 1204 pueri
1007 1132 1166 1205 certabant,
1191 1147 1305 1206 auceps,

133 1233 182 1304 qui
199 1232 263 1292 niso
279 1247 316 1291 ex
329 1233 408 1306 ligno
422 1229 531 1292 affabre
546 1233 657 1308 sculpto
673 1235 792 1292 caesitas
808 1240 1009 1310 aucuparetur.

223 1337 323 1411 Nepos
338 1343 368 1397 et
381 1337 508 1397 Joannes
523 1335 613 1396 frater
627 1341 727 1397 noster
741 1339 819 1412 apud
834 1339 979 1400 domnum
993 1342 1151 1416 principem
1171 1342 1201 1400 in
1215 1343 1306 1400 hortis

133 1441 282 1517 lierbroti,
306 1459 363 1516 quo
378 1441 416 1501 ad
430 1442 584 1502 levandum
597 1442 713 1502 taedium
729 1459 760 1502 sc
776 1443 878 1504 devehi
893 1443 1012 1520 lecerat,
1036 1450 1128 1506 erant.

223 1546 260 1607 D.
277 1548 313 1608 de
328 1547 507 1608 Grandevele
522 1550 552 1608 in
567 1548 676 1607 adibus
696 1547 865 1622 Hieronymi
884 1550 1012 1624 Fuggeri
1032 1550 1187 1625 hospitium
1209 1550 1304 1624 habet,

133 1653 197 1727 qui,
220 1653 288 1712 dum
302 1655 424 1728 viveret,
449 1670 502 1714 sua
516 1660 593 1713 sorte
608 1658 773 1727 contentus,
796 1655 1010 1729 negotiationes
1025 1655 1119 1716 nullas
1134 1657 1202 1730 egit.

221 1759 361 1842 ruggeri,
385 1759 435 1832 qui
452 1759 539 1819 hodie
560 1765 724 1834 supersunt
747 1761 910 1836 monopolis
930 1768 1066 1822 exercent
1086 1765 1116 1820 et
1138 1759 1244 1821 domini
1264 1760 1305 1819 di·

132 1864 242 1924 tionum
256 1865 366 1939 aliquot
380 1871 455 1940 sunt,
477 1865 587 1924 scilicet
600 1865 752 1940 Antonius,
777 1867 856 1941 cujus
871 1882 944 1926 uxor
958 1863 1093 1927 damnata
1108 1872 1161 1941 est,
1177 1866 1304 1926 loannes

131 1969 258 2030 Jacobus
280 1976 310 2030 et
331 1970 458 2030 Joaunes
479 1969 629 2045 Georgius,
652 1972 682 2030 in
702 1972 782 2044 ardus
803 1969 913 2032 ambus
934 1971 1146 2032 Maximilianus
1166 1971 1304 2031 archidux

131 2072 237 2133 bmnea
251 2090 341 2134 verna
355 2074 505 2136 habiturus
521 2075 634 2135 dicitur.

220 2178 292 2238 Hae
312 2179 413 2241 eadem
435 2180 496 2240 dies
517 2194 649 2242 mensem,
664 2182 828 2257 conplevit,
854 2181 930 2255 quod
952 2197 970 2241 a
994 2182 1160 2244 Waldeccia
1183 2177 1305 2254 proiecti

134 2299 240 2344 sumus.

221 2390 331 2451 Eadem
345 2393 375 2450 in
392 2392 532 2452 domimco
550 2391 720 2467 Augusuno
739 2395 918 2466 apparantur
937 2389 1064 2463 exequiae
1085 2389 1161 2463 regis
1182 2388 1303 2448 Polono·

131 2511 205 2554 rum.
236 2496 387 2557 Extruitur
407 2513 443 2555 ex
464 2496 608 2556 asseribus
631 2498 764 2558 abietinis
784 2481 878 2556 instar
896 2497 966 2556 tecti
988 2493 1142 2555 acuminati
1163 2493 1303 2567 pulpitum

130 2603 163 2660 iu
178 2606 284 2662 terrem
303 2619 426 2677 vergens
445 2603 531 2662 latius
553 2607 719 2678 coopertum
734 2617 831 2676 panno
846 2599 1005 2660 holoserico
1020 2599 1112 2672 nigro,
1135 2600 1166 2657 in
1181 2601 1303 2670 quatuor

6 2727 8 2786 ξ
130 2707 243 2781 anguhs
261 2708 385 2782 insignia
404 2709 483 2781 regia
501 2706 615 2780 depicta
634 2706 753 2778 habens,
776 2706 813 2766 ab
834 2707 891 2765 imo
906 2720 996 2779 usque
1010 2704 1050 2764 ad
1064 2703 1198 2762 verticem
1213 2703 1303 2762 cereis

130 2809 312 2872 adornatum.
342 2811 399 2872 Hic
418 2817 515 2872 autem
533 2829 586 2872 rex
608 2812 655 2872 die
677 2809 840 2887 paschatos,
865 2810 932 2870 dum
952 2810 988 2869 oh
1009 2808 1119 2868 senium
1141 2809 1171 2866 iu
1186 2807 1257 2866 sella
1271 2822 1303 2865 se

128 2915 170 2975 ad
184 2917 321 2990 templum
335 2919 443 2992 gestari
464 2919 562 2993 voluit,
586 2918 680 2979 subito
696 2916 849 2992 apoplexia
863 2916 959 2991 periit,
978 2915 1024 2973 cui
1038 2913 1133 2973 Deum
1147 2913 1303 2988 propitium

128 3020 326 3094 deprecamur.
364 3022 459 3097 Hujus
482 3027 576 3082 autem
598 3023 727 3083 Poloniae
751 3020 826 3096 regis
848 3020 976 3080 marchio
1003 3019 1167 3080 Joachimus
1194 3019 1303 3078 elector

128 3141 221 3200 gener
235 3132 288 3201 est,
311 3130 392 3203 cuius
413 3145 488 3190 uxor
503 3130 564 3202 jam
586 3143 698 3203 quoque
713 3127 851 3202 Augustae
867 3132 918 3186 est.
950 3125 1110 3188 Protrscte
1124 3129 1221 3185 mmen
1236 3127 1303 3184 suut

128 3233 176 3292 hae
192 3235 318 3307 exequiae
332 3235 363 3295 in
379 3233 452 3294 diem
468 3234 645 3294 dommim

219 3337 294 3400 Ante
308 3354 415 3413 paucos
430 3339 491 3399 dies
505 3339 617 3414 legatus
631 3339 744 3414 Aughae
759 3338 835 3414 regis
851 3339 976 3398 advenit.

218 3443 345 3504 Joannes
359 3443 449 3506 frater
464 3443 539 3520 apud
555 3445 770 3517 Trevcreusem,
794 3459 884 3517 nepos
903 3441 981 3514 apud
1002 3441 1200 3500 coloniensem
1215 3454 1301 3512 prau-

127 3563 178 3606 sus
193 3554 246 3608 est.
275 3550 381 3610 Attulit
395 3550 496 3610 eodem
511 3549 691 3609 amanuensis
705 3549 754 3608 ille
770 3548 907 3622 scriptum
921 3543 1045 3618 aliquod.

218 3652 340 3713 Domine
360 3654 448 3729 Deus,
473 3656 522 3728 qui
543 3654 631 3714 corda
651 3659 681 3713 et
700 3668 786 3713 renes
805 3653 930 3710 omnium
944 3648 1107 3708 mortalium
1122 3648 1236 3722 cognite
1250 3646 1301 3706 ha·

127 3754 190 3831 bes,
212 3763 245 3816 tu
259 3758 346 3818 corda
361 3765 459 3819 nostra
474 3758 595 3834 purifica
610 3763 639 3818 et
653 3757 763 3817 lumbos
786 3760 900 3817 nostros
916 3755 1045 3829 accinge,
1070 3769 1126 3827 quo
1141 3755 1201 3831 pie,
1221 3755 1300 3830 juste

127 3865 160 3920 et
179 3862 273 3923 sobrie
295 3865 379 3938 hujus
398 3866 465 3925 vitae
485 3865 657 3924 curriculum
676 3859 816 3937 perficere
835 3861 993 3937 valeamus,
1018 3860 1168 3936 dignique,
1191 3867 1221 3920 te
1241 3861 1299 3920 lar-

126 3965 233 4042 giente,
256 3969 491 4042 promissionibus
506 3967 558 4029 filii
573 3969 616 4028 tui
630 3967 702 4027 Jesu
717 3966 822 4028 Christi
843 3963 1014 4041 efficiamur,
1038 3982 1091 4042 per
1111 3968 1233 4028 eundem
1248 3967 1299 4027 dc·

126 4071 236 4130 minum
250 4079 380 4132 nostrum
395 4079 448 4134 etc.

215 4176 258 4251 iiij
278 4177 352 4252 hiaJi
371 4180 399 4239 d.
421 4178 570 4238 Musculus
590 4183 758 4252 prosecutus
779 4184 823 4238 ast
841 4184 953 4240 textum
972 4179 1074 4255 capitis
1099 4177 1139 4236 15
1161 4175 1299 4237 ioannis:

126 4279 201 4352 Quia
215 4287 300 4358 pater
314 4284 406 4358 major
424 4299 470 4342 me
491 4287 544 4357 est,
569 4287 599 4342 et
618 4267 730 4357 rehqua
749 4297 840 4356 usque
861 4282 1003 4344 adfinem
1018 4285 1129 4360 capitis.
1167 4282 1240 4355 Etsi,
1256 4282 1299 4340 iu·

126 4387 198 4462 quit,
221 4401 330 4463 omues,
353 4389 402 4463 qui
416 4389 493 4450 hunc
505 4389 599 4450 locum
613 4403 648 4448 ex
669 4388 761 4448 doctis
780 4392 811 4447 et
830 4389 961 4463 patribus
980 4388 1074 4451 adhuc
1093 4391 1297 4461 exposuerunt,
