2966 4900
76 533 304 596 munitionibus
325 542 355 596 et
374 537 597 614 propugnaculis
621 539 735 614 gloriati
755 541 826 614 siut,
844 542 905 615 jam
926 541 1029 602 leviter
1043 541 1182 617 omuibus,
1206 557 1270 616 qua

77 655 183 700 caesar
201 640 335 714 veluerit,
352 642 582 717 subscripserint.

180 747 250 807 Nec
272 748 326 807 hac
347 747 394 808 die
414 747 502 809 udum
525 749 660 809 nuncium
681 749 853 828 descetus,
870 751 1269 829 quoslugustaereliqusra·

76 867 159 926 muS‚
178 851 347 913 habuimus.

180 956 289 1018 Comes
305 975 323 1017 a
337 959 484 1036 Retbberg
497 961 581 1021 uobis
595 962 708 1034 retulit,
725 963 856 1022 comitem
874 961 910 1022 de
925 962 996 1022 Blae
1010 979 1074 1022 cum
1090 962 1207 1025 sabbato
1223 961 1269 1022 die

78 1062 193 1136 elapso
218 1064 263 1122 illi
282 1068 391 1124 statuta
414 1066 475 1125 dies
502 1066 539 1126 ad
559 1066 737 1126 subeundum
759 1067 880 1142 capitale
900 1068 1069 1143 supplicium
1089 1073 1178 1144 esset,
1202 1071 1270 1126 ante

78 1168 271 1227 semihoram
287 1170 350 1242 ejus
364 1171 499 1244 temporis
514 1172 610 1230 nescio
625 1172 662 1232 ob
677 1185 799 1246 quorum
812 1173 1045 1232 intercessionem
1060 1188 1078 1231 a
1091 1187 1198 1232 casare
1211 1173 1270 1233 sita

78 1272 244 1332 donatum.
269 1273 384 1333 Certum
399 1291 513 1349 quoque
528 1282 585 1350 est,
609 1278 634 1336 is
650 1291 714 1334 cum
735 1275 814 1334 intra
834 1277 971 1349 publium
986 1278 1101 1336 casuris
1116 1277 1269 1335 duceretur

79 1393 115 1435 ac
131 1379 168 1436 in
185 1378 385 1451 bybemacnlo
406 1380 530 1453 quodam
550 1380 627 1439 solus
649 1380 855 1455 dimitteretur,
876 1382 990 1441 venisse
1005 1381 1160 1453 doctorem,
1185 1395 1269 1454 quem

80 1481 237 1543 Acaldum
252 1485 368 1544 camna
383 1491 501 1561 vocant,
523 1501 557 1545 ac
579 1501 645 1546 eum
659 1486 704 1544 bis
719 1486 814 1546 verbis
829 1487 982 1548 abocutum
996 1485 1099 1546 inisse:
1123 1483 1269 1545 Generosa

80 1595 112 1647 et
127 1589 268 1662 gratiose
283 1590 396 1650 domine
411 1605 522 1664 comes,
543 1592 620 1650 misit
641 1607 686 1650 me
706 1607 832 1652 caesarea
845 1593 981 1666 mnjestas
996 1589 1029 1651 O.
1045 1591 1079 1650 Τ.
1095 1588 1191 1650 dicere
1206 1605 1269 1650 eam

79 1693 164 1753 intra
181 1695 274 1755 boras
288 1699 348 1755 tres
368 1703 397 1756 et
416 1697 512 1757 virum
531 1701 561 1754 et
575 1701 718 1756 mortuum
738 1694 874 1756 futurum.
913 1694 989 1756 Oura
1009 1697 1114 1771 igitur,
1137 1711 1201 1768 quse
1216 1694 1268 1756 tibi

82 1797 276 1873 disponenda
298 1800 441 1862 videntur.
479 1800 526 1860 Ad
547 1802 609 1861 bae
627 1801 691 1862 ille:
716 1801 857 1874 Quoniam
879 1801 963 1862 aliter
983 1800 1047 1863 fieri
1068 1802 1169 1876 nequit
1182 1805 1213 1860 et
1227 1801 1268 1860 sic

81 1906 193 1964 caesari
209 1906 303 1965 visum
318 1911 376 1982 est,
400 1922 483 1966 omne
498 1907 646 1980 negocium
665 1906 720 1967 dcc
745 1907 870 1967 commisi
886 1907 987 1982 etjam
1002 1923 1077 1968 nuuc
1092 1907 1165 1970 mori
1180 1922 1266 1982 para·

80 2012 130 2068 tus
148 2025 228 2069 sum.
252 2011 393 2071 Dimissus
407 2011 495 2086 igitur
518 2027 571 2086 per
590 2012 675 2072 breve
691 2013 873 2072 interstitium
894 2014 1032 2088 temporis
1046 2015 1076 2074 in
1091 2014 1146 2073 bac
1161 2011 1267 2072 delibe-
1330 2065 1336 2074 .

82 2115 224 2188 ratione,
248 2115 300 2176 sed
321 2116 398 2176 idem
417 2117 519 2176 dcctm
538 2131 671 2177 reversus
692 2123 749 2191 est,
775 2116 886 2178 diceus:
911 2117 1032 2178 Domine
1047 2133 1159 2190 comes,
1179 2117 1268 2192 jussit

84 2234 222 2280 caesarea
236 2222 370 2294 majestas
385 2221 436 2282 tibi
451 2221 580 2298 iudicari,
597 2221 674 2295 quod
688 2229 717 2283 te
732 2224 791 2283 vita
801 2221 943 2283 donatura
953 2223 1000 2281 sit.
1023 2221 1070 2281 Ad
1079 2223 1141 2282 bac
1154 2237 1265 2282 comes:

86 2324 211 2386 Gratias
227 2341 282 2400 ego
298 2343 357 2385 suae
371 2328 515 2401 majestati
530 2345 583 2400 pro
599 2332 679 2388 tanta
694 2327 854 2388 clementia.
886 2328 993 2386 Vemm
1008 2328 1032 2385 si
1048 2328 1078 2387 in
1093 2330 1265 2402 potestatem

84 2431 133 2490 vel
148 2431 315 2490 custodiam
330 2431 427 2492 fratris
442 2433 498 2492 mel
512 2433 675 2492 cancellarii
692 2433 827 2506 Ungariae
843 2429 942 2506 dedar,
966 2447 1047 2506 rogo,
1063 2435 1096 2490 nt
1110 2445 1162 2490 sua
1177 2431 1264 2504 maje-

86 2541 149 2596 stas
167 2536 267 2611 potius
281 2554 327 2596 me
342 2536 396 2596 sub
410 2536 536 2613 gladium
551 2537 655 2612 mittat,
672 2553 739 2596 uam
755 2553 830 2596 nuuc
844 2536 897 2598 sub
912 2538 965 2597 boc
977 2538 1041 2612 ipso
1056 2536 1178 2596 articqu
1192 2541 1263 2596 tem·

85 2644 174 2715 poris
190 2643 264 2702 mori
278 2647 397 2717 paratus
413 2659 484 2702 sum.
500 2666 502 2672 ¹
518 2642 602 2702 Nunc
616 2648 712 2704 autem
726 2643 757 2702 iu
771 2641 912 2703 famulitio
926 2644 1003 2717 regis
1018 2640 1195 2703 Ferdiuandi
1210 2646 1264 2715 est

86 2746 318 2819 praestolaturus
333 2748 402 2822 quid
417 2749 459 2808 illi
475 2748 596 2807 eveniat.

183 2854 250 2926 xxvj
266 2847 345 2912 Junii
361 2852 477 2914 Werdas
492 2852 667 2913 celebratum
689 2859 733 2914 est
747 2852 979 2914 infaustissimum
999 2856 1029 2912 et
1043 2851 1119 2911 omui
1135 2866 1197 2910 aevo
1213 2850 1262 2910 de·

87 2957 266 3030 plorandum
280 2959 433 3018 silentium.
467 2959 541 3018 Nam
556 2958 627 3032 ejus,
643 2960 692 3032 qui
708 2961 812 3020 coelum
827 2963 856 3019 et
870 2964 979 3020 terram
993 2974 1055 3017 cum
1072 2958 1150 3016 omui
1165 2971 1264 3018 eorum

88 3067 198 3122 ornatu
216 3062 285 3122 fecit
303 3069 333 3122 et
356 3063 444 3124 solem
463 3079 550 3136 super
569 3063 658 3122 bonos
680 3071 709 3124 et
730 3065 821 3125 malos
841 3063 929 3124 radiis
949 3064 1008 3124 suis
1028 3063 1170 3124 irradiare
1184 3063 1264 3138 sinit,

87 3169 173 3228 verbi
188 3184 337 3242 praecones
352 3169 479 3230 obticere
494 3170 630 3242 oportuit.
669 3169 743 3229 Caro
759 3177 789 3230 st
803 3171 928 3245 sanguis,
944 3169 1046 3244 pulvis,
1069 3169 1140 3229 cinis
1165 3175 1195 3228 et
1213 3181 1265 3242 pu·

89 3273 186 3347 trodo,
203 3289 254 3334 vos
270 3272 389 3350 figulum
403 3290 485 3334 suum
501 3279 529 3333 et
544 3279 702 3335 creatorem
717 3282 850 3336 creatura
865 3275 950 3337 silere
963 3277 1099 3349 jusserat.
1138 3271 1265 3334 Ostende

90 3377 143 3450 eis,
161 3394 180 3437 ο
197 3377 319 3454 domine,
336 3379 414 3454 quod
431 3379 500 3438 deus
516 3379 562 3438 sit.

182 3482 305 3544 Domine
319 3483 391 3544 deus
406 3484 569 3544 misericors
585 3488 614 3544 et
625 3485 733 3559 justus,
755 3501 821 3544 ecce
836 3499 932 3544 coram
947 3488 1090 3542 ternanos
1106 3485 1220 3540 uestras
1236 3483 1265 3540 et

91 3603 141 3646 cor
155 3595 286 3650 nostrum
301 3591 505 3666 expandimus,
527 3589 698 3650 coufitentes
717 3594 747 3647 et
761 3588 917 3662 ejulantes,
939 3586 1017 3661 quod
1031 3585 1197 3660 iniquitates
1212 3601 1263 3646 uc·

92 3700 161 3753 strae
192 3711 384 3770 supergressa
409 3701 476 3756 suut
505 3711 653 3755 numerum
682 3709 778 3752 arena
799 3691 900 3768 maris,
932 3699 961 3752 et
989 3689 1265 3767 transgressionibus

92 3801 199 3861 nostris
220 3806 250 3860 ct
263 3801 318 3861 boc
333 3818 450 3861 enorme
465 3806 613 3876 peccatum
632 3798 867 3874 ingratitudinem
888 3814 959 3874 erga
965 3794 1185 3868 sacrosanctum
1199 3814 1263 3859 vcr-

92 3904 159 3964 bum
174 3904 328 3981 addentes,
352 3907 394 3966 ita
416 3904 506 3981 probe
526 3906 772 3965 comminationem
794 3904 873 3964 illam
893 3904 1119 3966 insustentabilis
1141 3906 1192 3962 iroe
1207 3907 1265 3961 tuse

92 4011 250 4070 commeriti
265 4027 378 4086 sumus,
403 4018 436 4070 ut
451 4009 562 4085 affligas
578 4025 630 4069 uos
644 4007 733 4083 fame,
771 4008 846 4071 fame
868 4011 983 4085 iuquam
999 4008 1164 4072 malesuada
1179 4007 1265 4068 etin·

92 4114 244 4174 terimeute
260 4118 319 4174 tum
335 4131 437 4189 corpus
453 4121 514 4175 tum
529 4116 662 4188 animam,
671 4130 728 4173 nou
743 4113 856 4188 quidem
871 4117 953 4189 panis
969 4111 1090 4175 salvifici
1105 4109 1193 4170 verbi.
1214 4108 1266 4168 At·

92 4224 188 4279 tamen
203 4217 304 4279 confisi
325 4219 361 4280 de
376 4220 505 4280 bonitate
519 4225 570 4280 tua
592 4234 696 4294 magua
715 4224 902 4293 posteaquem
921 4236 979 4279 uon
999 4219 1090 4278 solum
1105 4229 1180 4290 panc
1194 4213 1266 4275 risit

92 4323 186 4400 homo,
203 4325 256 4384 sed
271 4325 302 4382 iu
317 4325 393 4384 omni
408 4327 511 4400 verbo,
533 4325 611 4399 quod
630 4326 666 4385 de
686 4340 737 4384 ore
752 4330 802 4384 tuo
816 4323 955 4398 precedit,
969 4324 1053 4396 juxta
1067 4321 1265 4395 praescriptum

93 4427 197 4491 donini
214 4435 245 4492 et
264 4429 429 4492 liberatoris
452 4431 543 4492 nostri
557 4429 628 4493 Jesu
644 4427 750 4490 obruti
771 4442 808 4490 ex
828 4433 889 4490 toto
903 4426 992 4490 corde
1005 4438 1131 4492 emmas:
1156 4425 1266 4488 Pausa
