3028 4894
731 319 775 386 30

174 504 257 580 fecto,
274 507 386 566 domine
401 503 510 579 doctor,
526 505 628 580 inquit,
645 506 674 564 in
689 504 744 563 hoc
759 503 841 563 nobis
856 499 962 576 injuria
975 499 1016 578 fit,
1033 517 1100 562 nam
1111 500 1197 576 huius
1209 500 1253 560 rei
1265 501 1345 560 nulla

174 618 235 671 tum
248 612 385 684 temporis
399 613 506 671 mentio
520 611 619 671 habita
635 617 688 670 est.
712 611 861 669 invertens
877 610 965 684 igitur
975 608 1086 669 Ductor
1101 623 1269 681 sermonem,
1286 624 1346 667 non

175 715 211 775 de
226 717 316 791 vobis,
333 715 384 775 sed
400 715 541 790 aliquibus
557 733 592 775 ex
606 716 710 775 vestris
725 713 838 789 loquor,
856 713 992 788 ociusque
1007 731 1025 773 a
1039 729 1139 773 mensa
1154 713 1345 788 protocollum

175 822 315 897 arripiens
329 822 401 882 haec
415 821 476 882 fere
491 824 573 895 legit:
598 839 631 880 so
646 821 742 881 seindt
756 837 808 881 vor
826 839 898 880 unns
918 821 1106 880 erschienenn
1125 819 1208 880 Greff
1228 819 1345 880 Johanu

174 943 230 986 von
246 926 386 985 Waldeck
400 925 477 985 vnud
493 925 575 984 Graff
587 925 690 984 Albert
704 941 761 985 von
776 926 828 986 der
842 927 927 999 Hoya
942 932 1011 999 etc,
1033 926 1133 985 wilche
1152 927 1204 984 vvir
1221 927 1275 999 jun
1298 925 1345 984 die

174 1029 358 1105 versohnung
368 1025 575 1106 v'ffgenomenn,
590 1031 675 1092 idoch
687 1031 729 1090 sie
739 1029 775 1090 do
786 1031 834 1091 bie
847 1029 1049 1106 bescheidenn,
1065 1031 1106 1090 sie
1121 1031 1234 1090 soltenn
1248 1029 1347 1090 ferner

174 1135 342 1210 derouegen
359 1136 405 1196 bie
420 1137 472 1196 der
486 1137 686 1211 keyserlichen
701 1136 845 1209 Mayestet
859 1136 1037 1214 Ansuchnpg
1050 1119 1122 1196 thun
1139 1139 1192 1194 etc.
1222 1135 1262 1194 Et
1276 1139 1344 1210 post
1398 1155 1403 1161 ·
1508 1217 1509 1228 ἵ

173 1240 264 1300 multa
278 1242 374 1300 attulit
387 1241 468 1301 haec.
494 1243 530 1302 Se
546 1248 574 1301 et
589 1244 634 1302 sui
649 1242 707 1302 albi
716 1242 845 1303 homines
855 1242 926 1300 nihil
935 1243 1014 1301 aliud
1027 1241 1141 1300 efficere
1151 1256 1245 1316 posse,
1259 1257 1345 1315 quam

175 1351 208 1402 ut
227 1353 374 1421 curarent,
400 1364 456 1420 quo
476 1364 563 1408 causa
582 1353 682 1408 nostre
702 1346 741 1407 ad
761 1346 904 1408 Gaesarem
922 1345 1080 1408 referretur
1103 1351 1132 1406 et
1154 1346 1191 1406 ad
1212 1346 1242 1405 id
1261 1345 1345 1405 nohis

175 1467 255 1510 suam
276 1467 392 1524 operam
413 1451 555 1526 pollicitus
575 1460 628 1513 est.
666 1453 724 1513 Ubi
743 1467 810 1514 vero
831 1468 918 1512 causa
938 1452 975 1513 ad
993 1441 1196 1526 imperatorem
1212 1450 1346 1510 devoluta

175 1553 273 1630 iuuerit,
290 1562 351 1616 tum
365 1573 418 1616 nos
434 1564 568 1632 oportere
584 1575 643 1618 suae
658 1559 817 1630 majestatis
831 1573 1001 1632 responsum
1017 1561 1177 1630 expectare.
1201 1556 1277 1615 Dum
1292 1573 1345 1615 au·

173 1666 232 1719 tem
246 1659 282 1719 de
297 1677 378 1722 mora
393 1669 421 1722 et
436 1664 568 1736 expensis
584 1662 678 1723 obiter
694 1664 860 1736 diceremus,
877 1663 926 1736 ait,
942 1661 1100 1736 parendum
1115 1677 1178 1721 esse
1190 1662 1291 1720 caesari
1316 1664 1348 1719 et

175 1765 217 1824 illi
232 1781 263 1823 se
278 1767 370 1839 ipsum
384 1767 545 1827 resolvendi
562 1766 648 1844 (nova
662 1768 736 1826 enim
751 1768 823 1826 haec
838 1766 935 1825 aulicis
949 1766 981 1825 in
992 1766 1046 1826 hoc
1055 1765 1215 1840 significatu
1224 1770 1344 1840 recepta

174 1886 231 1929 vox
245 1866 300 1944 est)
315 1872 422 1943 justum
437 1878 549 1946 tempus
571 1871 784 1932 concedendum
804 1869 875 1931 fore.
914 1870 962 1930 Sic
982 1872 1199 1945 quadrupedum
1219 1872 1345 1932 caballo·

174 1991 238 2034 rum
253 1974 372 2048 pedibus
386 1976 442 2034 huc
456 1976 569 2036 advecti
584 1979 632 2036 vix
646 1977 737 2037 laneis
757 1977 838 2037 nobis
861 1977 906 2034 hic
926 1977 1115 2037 incedendum
1136 1982 1189 2037 est.
1226 1978 1345 2036 Mature

176 2080 262 2138 etiam
277 2080 407 2140 dominus
417 2082 578 2155 Leporinus
589 2083 760 2158 superuerit,
777 2082 855 2157 apud
867 2096 951 2154 quem
963 2081 1039 2141 idem
1050 2083 1080 2140 in
1092 2083 1248 2155 praesentia
1256 2080 1347 2155 Viglii

175 2183 296 2258 egimus,
318 2185 359 2245 illi
374 2188 492 2262 iusuper
506 2188 671 2248 memoriam
686 2189 722 2248 de
737 2192 814 2248 statu
829 2187 978 2246 comitatus
994 2189 1085 2246 nostri
1103 2185 1286 2260 refricantes,
1310 2191 1344 2245 ut

175 2293 224 2363 qui
238 2294 374 2353 tractatui
388 2293 583 2354 herciscundae
598 2293 775 2354 haereditetis
789 2298 896 2353 nostrae
911 2289 1094 2367 interfuerat,
1120 2293 1198 2367 quod
1218 2297 1247 2353 ct
1266 2293 1342 2366 ipse-

173 2404 231 2458 met
247 2400 369 2474 ingenue
384 2398 521 2460 confitens
536 2400 679 2474 pollicitus
695 2404 740 2458 est
762 2403 792 2458 et
811 2415 891 2458 snam
913 2415 1037 2472 operam.
1076 2396 1204 2458 Conveni
1226 2401 1255 2457 et
1275 2397 1343 2470 Vig-

174 2505 243 2564 lium
257 2486 390 2580 seorsim,
412 2512 441 2566 et
455 2507 479 2565 is
496 2505 626 2580 quaedam
641 2507 757 2580 negavit
772 2511 801 2566 et
816 2506 893 2564 sensi
907 2503 949 2562 illi
964 2501 1094 2564 fraudem
1108 2500 1221 2563 factam.
1253 2502 1344 2561 Novit

174 2617 277 2671 cuncta
291 2599 378 2687 Deus,
395 2613 443 2685 qui
459 2618 488 2672 et
503 2613 613 2672 occulta
628 2611 774 2685 diiudicat.
798 2610 902 2684 sicque
916 2608 981 2669 hino
996 2610 1113 2669 abitum.

262 2719 296 2776 In
311 2717 412 2777 eodem
426 2718 529 2777 itinere
541 2717 577 2776 D.
588 2718 729 2777 Joannem
738 2712 946 2789 Marquardum
960 2714 1077 2774 allocuti
1091 2729 1196 2773 sumus.
1221 2713 1250 2772 Is
1265 2729 1339 2786 prse-

173 2828 219 2882 ter
234 2828 344 2882 ceteros
359 2840 390 2883 se
404 2822 560 2882 humanum
575 2828 604 2882 et
624 2829 755 2896 apertum
777 2822 859 2881 nobis
873 2819 1007 2894 praebuit,
1033 2819 1191 2894 spondens,
1214 2835 1245 2878 se
1266 2818 1343 2890 apud

174 2927 354 2986 archiducem
369 2926 491 2988 fideliter
506 2931 634 2987 nostram
648 2943 764 2986 cansam
784 2932 921 2985 acturum.
960 2925 1006 2984 Ex
1025 2926 1103 2984 omni
1124 2929 1220 2984 autem
1243 2923 1341 2984 docto-

174 3046 238 3090 rum
252 3032 347 3091 verbis
361 3032 461 3107 liquet,
476 3031 568 3106 probe
582 3032 638 3090 illis
653 3031 798 3104 cognitum
813 3045 876 3088 esse
891 3030 973 3090 nohis
987 3029 1124 3103 injuriam
1138 3027 1214 3104 fieri,
1230 3029 1342 3102 hocque

173 3136 285 3194 consilii
298 3137 490 3210 Marquardus
507 3134 600 3209 dedit,
616 3136 684 3208 quin
699 3136 815 3222 comites
829 3150 847 3193 a
863 3132 955 3194 Cattis
969 3151 1085 3209 pressos
1100 3141 1130 3195 et
1144 3135 1237 3210 premi
1253 3134 1343 3192 anim·

175 3241 353 3316 adverteret,
376 3259 433 3301 non
448 3242 490 3300 illi
505 3239 702 3316 infrugiferum
717 3239 821 3313 videri,
845 3247 877 3299 ut
896 3241 1013 3300 comites
1034 3241 1111 3314 apud
1132 3239 1275 3300 Gaesarem
1296 3239 1341 3298 in·

174 3350 260 3420 stent,
276 3362 332 3419 quo
348 3349 498 3406 comitatus
512 3347 585 3407 liber
599 3345 737 3406 reddatur
750 3345 879 3420 imperio,
897 3345 933 3405 de
949 3363 1006 3420 qua
1021 3363 1053 3406 re
1068 3347 1163 3406 multis
1175 3343 1270 3404 verbis
1283 3345 1341 3403 dis·

174 3452 272 3510 seruit.
305 3449 432 3525 Cumque
446 3468 498 3512 nos
513 3450 684 3526 diceremus,
704 3451 803 3511 videre
818 3451 933 3524 quidem
947 3469 1015 3527 nos,
1037 3451 1200 3525 quidnobis
1217 3465 1341 3509 commo-

176 3554 239 3614 dius
254 3561 339 3629 esset,
354 3573 454 3616 verum
469 3574 521 3618 nos
537 3563 566 3618 et
580 3557 705 3618 vasallos
715 3555 862 3617 Gattornm
877 3559 1013 3633 principis
1028 3573 1100 3630 esse,
1117 3561 1147 3615 et
1161 3554 1254 3644 eidem
1260 3555 1340 3627 jure-

172 3660 296 3733 jurando
306 3662 447 3722 astrictos.
468 3661 589 3722 Referre
598 3669 694 3724 autem
711 3662 825 3722 caesaris
840 3667 873 3721 nt
887 3661 950 3737 ipse
965 3663 1119 3722 clementer
1133 3677 1198 3720 cum
1212 3661 1342 3734 principe
1388 3717 1391 3723 .

174 3770 273 3824 nostro
282 3765 318 3824 de
327 3765 383 3825 hac
394 3783 426 3826 re
441 3773 517 3841 agat,
534 3783 570 3826 ne
584 3771 682 3826 noster
697 3772 727 3826 et
739 3767 831 3828 honos
847 3774 876 3828 et
891 3750 1063 3828 conscientia
1077 3767 1152 3826 male
1168 3763 1341 3824 afficiantur.

173 3869 207 3928 Id
221 3871 345 3929 instituti
360 3870 552 3944 Marquardus
567 3871 702 3944 laudans,
723 3872 826 3946 probe,
850 3872 905 3945 ait,
928 3873 983 3932 hoc
1002 3887 1020 3930 a
1040 3871 1121 3930 vobis
1141 3868 1263 3943 dictum,
1288 3869 1344 3927 hac

175 3976 249 4036 enim
270 3976 317 4036 via
336 3975 528 4050 aggredienda
549 3991 595 4034 res
616 3981 705 4048 esset,
726 3981 759 4036 ut
777 3977 928 4036 comitatus
948 3976 985 4036 sit
1005 3975 1081 4035 liber
1099 3974 1234 4050 imperio,
1257 3972 1343 4042 Oatto

174 4085 269 4139 antem
284 4079 336 4139 fiat
356 4080 433 4154 quod
451 4080 495 4138 illi
514 4064 648 4152 debetur,
673 4085 703 4140 et
723 4081 807 4140 detur
830 4098 918 4155 opera
939 4097 975 4140 ne
996 4097 1048 4142 vos
1068 4081 1216 4154 vestrique
1234 4077 1343 4138 subditi

174 4183 247 4242 adeo
262 4186 293 4242 in
307 4183 659 4257 servitutemredigantur.
680 4185 795 4245 Habeat
801 4199 852 4244 vos
863 4186 972 4246 Hessus
982 4191 1015 4246 ut
1026 4187 1159 4260 vasallos,
1175 4183 1344 4246 scdhaheat

175 4302 288 4362 quoque
302 4294 335 4347 ut
349 4290 465 4349 comites
480 4289 585 4348 liberos
599 4289 721 4364 imperii.
748 4291 823 4348 Nem
839 4291 863 4350 si
878 4291 902 4348 is
917 4290 988 4351 ordo
1003 4293 1182 4366 interruptus
1197 4307 1256 4350 nou
1270 4288 1341 4348 fnis-

174 4397 231 4469 set,
250 4408 310 4464 non
331 4395 471 4470 potuisset
488 4397 585 4454 tantus
606 4395 744 4457 tumultus
763 4396 896 4466 enodari
915 4401 969 4458 ete
1005 4396 1057 4458 mc
1074 4397 1156 4460 item:
1180 4397 1343 4472 Imperetur
