2940 4900
684 323 745 390 ldl

123 519 188 578 quae
204 505 364 579 docuerint,
388 523 422 566 eo
438 507 532 566 animo
548 512 577 565 et
592 505 689 565 dicant
709 511 738 564 et
757 505 905 580 edoceant,
930 512 962 565 ut
981 509 1076 580 potius
1096 509 1182 566 animi
1202 508 1299 568 subdi·

122 615 221 668 torum
237 612 283 670 vel
297 611 502 686 discipulorum
517 612 690 683 alliciuntur,
707 627 793 683 quam
807 613 852 670 val
868 618 1016 686 cogantur,
1034 614 1080 670 vel
1094 614 1122 672 ri
1137 613 1298 686 adigantur.

122 714 258 775 Christus
273 717 348 774 enirn
368 715 439 773 nihil
458 717 518 774 suis
539 715 717 774 sermonibus
739 717 878 790 quaesivit,
903 717 980 789 qnod
1000 717 1055 792 ipsi
1075 719 1104 775 in
1123 718 1233 775 lucrum
1253 735 1300 776 ce-

122 817 207 878 deret
223 825 276 878 ant
295 836 347 892 per
366 819 443 893 quod
465 835 523 878 suae
546 819 694 879 ambitioni
717 817 871 880 satisfieret
892 827 945 880 etc.
986 821 1032 880 Sic
1053 823 1215 895 superiores
1235 838 1301 894 pro·

120 929 242 998 curent,
266 929 306 997 ut,
331 938 394 997 quse
417 925 524 998 populo
546 923 695 998 dicuntur,
720 923 761 982 ad
779 924 842 982 haec
864 924 1006 984 destinata
1028 927 1099 998 siut,
1124 931 1156 984 ut
1178 927 1300 1001 populus

120 1028 185 1101 ipse
200 1043 374 1100 cognoscere
390 1033 485 1101 queat,
509 1028 571 1086 hac
593 1030 688 1087 animo
705 1044 774 1101 erga
793 1028 858 1088 illos
877 1005 1010 1102 benigno
1022 1035 1051 1088 et
1071 1046 1129 1089 non
1147 1047 1201 1090 sua
1221 1048 1298 1104 quae-

119 1133 214 1191 rentis
237 1131 313 1192 dicta
332 1137 362 1190 et
384 1133 481 1206 populi
503 1129 660 1205 profectum
684 1133 775 1206 quaeri
794 1140 848 1193 etc.
886 1135 961 1194 Nam
980 1135 1075 1194 nobile
1096 1135 1240 1209 quoddam
1255 1142 1300 1195 est

120 1235 158 1295 de
174 1237 301 1310 homine,
317 1237 424 1296 mavult
438 1236 578 1298 humanus
594 1239 704 1296 animus
725 1239 911 1311 persuasione
925 1239 996 1296 recti
1012 1239 1107 1312 potins
1129 1238 1194 1297 duci
1214 1257 1299 1313 quam

118 1338 209 1398 trabi.
240 1339 303 1398 Nec
318 1341 393 1399 euim
407 1343 517 1400 animus
533 1357 603 1415 erga
617 1359 649 1401 se
670 1346 827 1416 praesentes
848 1341 1026 1401 subditorum
1047 1359 1164 1401 suorum
1183 1345 1299 1416 tyranni

119 1444 231 1503 habere
252 1450 387 1519 possunt,
411 1446 459 1518 qui
483 1446 543 1504 sine
566 1447 643 1504 omni
665 1427 842 1504 humanitate
866 1445 1013 1519 quicquid,
1039 1445 1115 1519 quod
1137 1447 1207 1520 ipsis
1231 1447 1298 1504 solis

119 1548 203 1608 lucro
226 1547 302 1608 cedit
321 1564 356 1607 ac
374 1554 474 1608 contra
496 1565 607 1622 aequum
630 1558 660 1611 et
682 1550 854 1626 probitatem
874 1548 951 1623 lacit,
975 1551 1081 1624 populo
1100 1551 1251 1622 imponunt
1270 1555 1299 1608 et

119 1654 149 1712 vi
164 1654 266 1726 solum,
290 1653 373 1710 minis
393 1659 422 1711 et
440 1654 535 1727 gladio
554 1655 633 1714 illum
653 1655 690 1713 ad
710 1656 781 1713 talia
801 1661 913 1728 cogunt.
951 1655 1026 1713 Nam
1044 1661 1077 1714 ut
1097 1655 1227 1713 surculus
1247 1671 1298 1713 seu

119 1757 277 1831 virgultum
293 1759 338 1817 ein
354 1757 564 1834 Wieddcklang
584 1761 639 1818 etsi
659 1759 688 1818 ui
703 1776 759 1832 quo
778 1766 811 1818 tu
825 1760 904 1819 voles
924 1764 1050 1818 retortus
1070 1767 1132 1819 ate
1153 1759 1248 1832 inerit,
1273 1760 1296 1816 si

119 1861 177 1920 sibi
193 1863 385 1938 permittatur,
408 1881 509 1923 rursus
523 1865 553 1922 in
568 1867 677 1922 rectum
692 1863 761 1938 abit,
786 1865 826 1922 sic
841 1865 976 1938 quicquid
991 1847 1221 1938 'repugnantibus
1237 1865 1298 1922 ani-

119 1967 175 2025 mis
189 1965 233 2042 fit,
255 1966 370 2026 tandem
389 1969 420 2026 iu
437 1969 514 2027 idern
532 1969 695 2028 revertitur.
726 1970 854 2043 Repetiit
874 1986 987 2043 quoque
1009 1987 1072 2042 quac
1093 1987 1150 2028 xxx
1170 1969 1242 2042 Maii
1261 1968 1296 2026 de

120 2071 275 2130 dilectione
297 2078 457 2146 monuerat,
481 2073 601 2146 scilicet,
626 2073 702 2146 quod
721 2074 917 2147 pusillanimes
939 2074 1033 2134 dicere
1057 2079 1194 2158 possenti
1214 2071 1295 2130 Chri-

122 2183 185 2236 stus
200 2179 231 2236 in
252 2178 382 2237 omnibus
401 2175 456 2236 fuit
474 2176 632 2251 perfectus,
656 2177 747 2237 facilis
768 2177 823 2236 fuit
841 2179 908 2237 huie
929 2178 1056 2248 dilecti03
1081 2178 1200 2236 etmihi
1221 2179 1296 2236 omni

122 2298 160 2340 ex
175 2289 258 2356 parte
272 2283 347 2342 malo
369 2286 398 2340 et
417 2283 561 2355 peccatori
579 2282 722 2355 quomodo
743 2285 799 2341 erit
817 2280 945 2356 perfecta
965 2280 1100 2339 dilectio?
1130 2282 1230 2355 Audis,
1253 2283 1297 2339 iu·

124 2385 207 2460 quit?
237 2387 299 2445 Nos
313 2385 409 2444 uriseri
426 2387 456 2442 in
470 2386 524 2444 hoc
539 2385 634 2445 seculo
650 2386 720 2445 nihil
736 2386 773 2444 ad
787 2384 944 2459 perfectum
960 2385 1117 2459 perducere
1134 2391 1163 2442 et
1177 2401 1295 2456 prorsus

123 2491 209 2566 nihil,
234 2498 340 2567 prater
355 2489 428 2549 uelle
448 2506 552 2563 cupere
573 2496 601 2548 et
622 2495 736 2562 optasse
752 2489 858 2548 Christi
876 2495 1022 2564 praecepta
1041 2489 1172 2562 implere,
1196 2505 1294 2548 conse-

124 2597 173 2668 qui
187 2611 347 2668 possumus.
378 2595 443 2652 Huc
456 2595 545 2667 igitur
565 2596 690 2652 animum
705 2593 854 2666 advertite,
877 2600 910 2652 ut
929 2610 964 2652 ex
982 2592 1068 2650 corde
1088 2593 1163 2651 bono
1183 2599 1212 2652 et
1227 2609 1294 2652 cou-

124 2701 245 2760 scientia
266 2700 372 2759 munda
395 2701 494 2774 cupias
517 2705 547 2756 et
568 2703 650 2771 optes
672 2702 816 2771 praccepta
837 2697 941 2756 Christi
962 2697 1094 2770 implere,
1125 2698 1210 2756 deum
1231 2696 1293 2756 dili-

9 2857 10 2880 ,
124 2821 193 2878 gere
215 2809 245 2863 et
265 2806 433 2878 proximum,
458 2810 487 2863 et
509 2804 637 2877 quisquis
656 2819 709 2874 pro
730 2818 781 2861 suo
802 2800 886 2875 douo,
910 2807 1048 2874 quantum
1068 2800 1148 2860 Deus
1166 2793 1209 2888 illi
1229 2817 1295 2860 cou-

9 2967 10 2974 ,
124 2909 255 2982 cesserit,
279 2910 340 2967 hac
362 2910 479 2982 implere
500 2907 627 2979 studeat;
652 2909 677 2966 si
697 2921 754 2979 qua
773 2904 895 2978 labaris,
919 2923 955 2964 ne
978 2922 1090 2964 cursum
1112 2907 1293 2964 intermittas.

8 2975 10 3096 Ξ
124 3011 236 3072 Deinde
251 3012 348 3073 docuit
362 3014 504 3086 quomodo
519 3012 654 3086 gaudium
670 3010 776 3069 Christi
791 3011 821 3068 in
837 3012 918 3070 nobis
928 3018 1102 3084 ‚permaneat
1116 3018 1145 3071 et
1160 3010 1294 3084 gaudium

124 3123 254 3176 nostrum
272 3118 302 3174 in
324 3133 358 3176 eo
381 3118 564 3190 compleatur.
603 3117 699 3176 Voluit
720 3123 816 3174 autem
836 3121 869 3174 ut
889 3132 1006 3189 operam
1028 3115 1131 3175 darent
1153 3116 1294 3189 discipuli,

8 3273 9 3276 ,
125 3238 181 3294 quo
202 3227 351 3296 acceptum
373 3239 426 3295 per
451 3238 515 3280 eum
539 3221 689 3293 gaudium,
713 3222 820 3280 scilicet
841 3223 931 3296 patris
955 3221 1161 3292 misericordia,
1185 3219 1242 3277 tide
1265 3222 1293 3276 et

125 3327 306 3385 conscientiae
326 3329 452 3399 puritate
474 3331 685 3385 conservarent.
724 3325 771 3384 Sic
791 3324 898 3384 Paulus
917 3326 1001 3398 jubet
1020 3316 1219 3400 Philippenses
1241 3325 1292 3380 irn-

124 3433 204 3503 plere
218 3448 301 3490 suum
315 3426 458 3503 gandium.
490 3430 545 3504 Sic,
570 3431 611 3489 ait
625 3429 782 3504 Masculus,
806 3435 834 3488 et
848 3446 908 3500 nos,
933 3431 983 3500 qui
996 3429 1135 3486 hactenus
1154 3427 1233 3484 robis
1248 3427 1295 3483 hic

124 3536 262 3610 Augustae
276 3537 306 3594 in
321 3536 409 3594 verbo
425 3534 531 3594 domiui
547 3533 722 3614 praeluimuS,
739 3535 834 3592 dicere
850 3549 1006 3607 possemus.
1039 3532 1123 3590 Scitis
1139 3531 1213 3586 enim
1230 3545 1291 3585 cum

125 3642 247 3714 primum
269 3639 434 3714 euangelica
456 3641 563 3698 veritas
586 3637 661 3711 apud
685 3655 736 3697 vos
759 3638 919 3695 elucescere
947 3635 1047 3708 coepit,
1077 3651 1161 3707 quam
1184 3634 1293 3692 alacres

8 3783 9 3788 κ
124 3745 212 3805 uerbo
227 3744 370 3804 audiendo
384 3741 504 3818 fueritis,
529 3745 675 3802 vobiscum
692 3743 723 3800 in
742 3742 849 3813 templa
868 3739 1036 3814 psalteriola
1055 3745 1106 3798 aut
1123 3740 1226 3799 librum
1241 3739 1294 3797 ali·

125 3865 208 3923 quem
230 3866 375 3910 sacrarum
391 3850 554 3907 cantionum
575 3846 736 3906 deferentes
752 3847 817 3904 novi
837 3847 1001 3904 testamenti
1021 3845 1147 3904 codicem
1162 3847 1192 3904 in
1207 3846 1294 3904 eccle-

125 3956 167 4014 sia
180 3954 384 4028 inspiciebatis,
409 3954 485 4012 dorni
500 3969 582 4012 sacra
603 3953 691 4013 bibha
710 3950 875 4024 solvebatis,
897 3951 920 4008 si
936 3950 1051 4023 quando
1067 3941 1208 4010 concionis
1222 3951 1295 4008 hora

125 4040 259 4133 instabat,
283 4076 319 4118 ea
339 4058 501 4131 frequentia
521 4059 551 4117 in
571 4057 626 4115 hac
647 4074 729 4115 sacra
750 4057 811 4116 aede
834 4044 935 4129 eratis,
959 4063 992 4114 ut
1010 4058 1058 4114 vix
1076 4056 1161 4112 alicui
1183 4053 1293 4111 tardius

125 4165 249 4222 uenienti
264 4164 343 4222 locus
358 4168 444 4221 esset.
473 4162 566 4234 Nunc,
583 4162 679 4221 nescio
694 4163 744 4236 qui
757 4159 819 4235 fiat,
840 4179 891 4221 vos
910 4161 993 4219 video
1008 4158 1238 4232 negligentiores,
1263 4159 1292 4214 in

126 4268 312 4328 decantandis
333 4269 449 4342 psalmis
469 4267 660 4339 remissiores,
685 4275 815 4326 etratus
837 4272 881 4325 est
901 4265 949 4336 qui
969 4279 1072 4320 novum
1092 4265 1293 4318 testamentum

125 4387 219 4432 secum
234 4380 340 4448 portet,
364 4378 393 4431 et
408 4374 475 4446 dum
490 4371 589 4430 durior
605 4387 683 4428 aurae
698 4369 783 4430 flatus
798 4371 917 4442 aspirat,
940 4367 1021 4426 multi
1041 4383 1058 4424 a
1078 4365 1199 4424 veritate
1219 4367 1293 4424 rela-

1038 4473 1055 4527 9
1067 4467 1083 4503 ἸΙ
