2940 4900
759 307 823 374 11⁰

201 491 319 552 credere
334 491 448 551 Christo
464 495 493 550 et
507 505 584 564 eam,
607 505 692 562 quam
713 491 737 548 is
752 488 835 549 nobis
850 489 1001 564 revelavit,
1024 487 1128 564 patris
1149 484 1324 546 voluntatem
1335 479 1373 540 la·

202 614 276 672 cere,
292 602 322 656 et
337 597 414 672 quod
429 597 508 656 nulle
522 597 560 654 sit
575 594 717 654 invocatio
732 593 803 669 Dei,
825 611 878 654 nec
898 595 979 654 ullibi
1003 593 1222 663 exaudiamur,
1243 588 1298 647 nisi
1311 587 1376 646 elin

202 707 232 762 et
246 719 299 777 per
314 701 466 762 Christum.
504 702 582 774 Ergo
605 703 635 758 et
649 699 782 760 Judaeum
801 697 910 760 frustra
928 700 1054 760 clamare
1070 694 1203 767 orando,
1229 693 1307 752 Deus
1320 693 1376 751 coeli

203 814 232 867 et
247 813 343 882 terrra,
363 807 443 867 Deus
457 805 613 880 Abraham,
636 805 718 865 Isaac
733 811 762 866 ct
775 806 874 880 Jacob,
900 807 925 864 si
939 805 1167 866 nominarentur
1183 799 1309 859 Christo.
1329 798 1378 858 Ubi
1456 787 1457 823 ³

203 927 271 971 vero
287 912 328 971 ad‘
338 913 431 970 locum
447 911 483 970 de
497 910 630 984 operibus
646 909 817 984 devenisset,
833 912 888 971 ait:
914 912 944 971 si
960 911 1100 986 operibus
1118 905 1246 982 gaudes,
1267 904 1378 964 Deusiu

202 1016 313 1076 duabus
327 1017 433 1076 tabulis
448 1033 506 1074 non
522 1016 635 1089 quidem
650 1016 815 1090 permagnis
836 1032 924 1089 opera
944 1031 1008 1088 quae
1024 1014 1144 1074 laceres
1166 1011 1223 1071 tibi
1238 1008 1379 1085 praeserip·
1456 999 1457 1035 l

203 1121 249 1193 sit,
266 1120 398 1184 nimirum
413 1125 446 1178 ut
460 1121 553 1194 ipsum
575 1122 668 1179 solum
682 1119 794 1192 adores,
818 1121 895 1179 colas
910 1137 964 1179 neo
978 1121 1071 1182 Deum
1087 1121 1208 1192 practer
1223 1115 1302 1174 huuc
1314 1111 1380 1183 scias
1456 1111 1457 1139 l

204 1229 258 1283 etc.
283 1223 374 1286 Crede
390 1227 420 1284 in
430 1224 583 1300 Christum,
593 1225 685 1284 Deum
701 1224 786 1300 dilige
797 1229 826 1283 et
836 1226 997 1297 proximum
1011 1225 1087 1284 sicut
1102 1228 1137 1282 te
1154 1223 1265 1296 ipsum,
1282 1212 1380 1276 &unici

204 1344 301 1389 omnes
316 1332 402 1390 ammi
423 1345 525 1390 nervos
539 1330 596 1389 huc
610 1328 780 1403 intenderis,
803 1331 868 1404 plus
889 1331 959 1390 satis
978 1337 1077 1415 tamen
1098 1341 1233 1403 operum
1254 1319 1379 1394 reperies,

205 1439 234 1493 et
249 1441 317 1509 tum,
335 1437 360 1494 si
375 1419 427 1496 tibi
442 1440 534 1512 vacat,
551 1450 649 1509 opera,
666 1451 730 1508 quae
746 1451 821 1508 papa
832 1435 925 1510 jubet,
941 1432 1037 1496 facito

293 1540 416 1600 Domine
430 1542 510 1615 lesu,
531 1542 561 1601 in
575 1545 604 1599 tc
618 1538 736 1598 credere
751 1539 831 1599 nobis
846 1539 935 1615 dona,
959 1557 997 1600 ns
1010 1555 1075 1598 cum
1089 1536 1209 1598 mundo
1227 1529 1376 1604 despicien-
1450 1535 1451 1560 ³

203 1650 247 1703 tes
261 1644 351 1704 lucem
362 1645 539 1719 judicemur,
563 1645 660 1718 sicque
675 1659 765 1716 opera
779 1650 879 1704 nosba
892 1645 968 1705 boue
980 1645 1104 1718 luceant,
1140 1657 1183 1701 ne
1199 1653 1268 1698 cum
1281 1629 1374 1694 lucifu-

204 1749 247 1820 gis
261 1750 510 1820 vespertilionibus
529 1757 558 1810 ta
573 1752 664 1810 lucem
680 1753 817 1808 aeternam
833 1749 1037 1809 abominemur.
1069 1749 1123 1822 Te,
1143 1748 1280 1820 inquam,
1297 1741 1381 1798 lemn
1450 1807 1451 1838 ἶ

203 1852 408 1913 illuminantem
423 1869 536 1912 ornnem
550 1853 692 1914 hominem
706 1855 866 1914 venientem
880 1855 911 1912 iu
925 1855 1000 1912 huuc
1013 1853 1166 1927 mundum,
1185 1850 1235 1910 cui
1251 1860 1315 1907 cum
1328 1855 1373 1916 pa·

205 1963 251 2018 tre
267 1965 296 2018 et
311 1976 334 2018 s.
351 1959 454 2034 spiritu
469 1960 584 2018 sitlans
600 1965 630 2019 et
643 1961 736 2034 glorie
751 1961 781 2018 in
796 1965 976 2034 perpetuum.
999 1959 1101 2018 Amen.

293 2064 404 2124 Eadem
428 2064 577 2139 Philippus
601 2069 631 2122 et
649 2065 778 2125 Eubulus
800 2063 879 2140 (nam
899 2065 1026 2124 Joannos
1050 2065 1081 2122 in
1105 2079 1160 2122 rus
1187 2045 1378 2121 concesstffil)
1446 2019 1451 2045 ἒ

204 2167 425 2228 Atrebatensem
451 2169 622 2243 compellere
642 2169 816 2242 volebamus,
838 2183 938 2228 verum
957 2167 1100 2243 extemplo
1115 2174 1151 2228 ut
1167 2181 1226 2225 nos
1242 2158 1316 2221 vidit
1328 2154 1377 2212 cit:

204 2271 269 2330 dem
284 2273 356 2332 nihil
369 2273 450 2334 vobis
465 2291 580 2350 possum
594 2276 778 2349 respondere,
799 2273 858 2333 alio
873 2280 1003 2346 tempore
1021 2272 1216 2333 revertimini.
1268 2265 1378 2332 noeque
1451 2343 1452 2354 χ

205 2383 269 2437 erat
282 2380 367 2437 unius
382 2379 440 2439 diei
458 2396 577 2454 pensum
592 2380 757 2440 absolvisse.
795 2382 875 2457 Inter
889 2379 1075 2440 sollicitantes
1091 2385 1180 2438 eraut
1196 2363 1377 2435 domiuusde
1451 2385 1452 2404 ³

206 2480 355 2556 Celtingen
369 2488 398 2544 et
411 2483 523 2558 legatus
538 2485 618 2544 ducis
633 2485 786 2559 Ferrarius,
811 2485 895 2545 homo
910 2485 940 2544 in
955 2485 1079 2559 speciem
1099 2483 1203 2558 magni
1218 2475 1337 2552 ingenii·

293 2587 403 2648 Eadem
418 2590 538 2649 Carolus
553 2607 571 2649 a
586 2589 719 2650 Stockem
733 2589 880 2649 nobiscum
894 2606 1016 2664 pransus
1032 2595 1085 2650 est.

293 2693 369 2753 Dum
385 2698 451 2754 ante
471 2694 630 2757 cubiculum
644 2673 848 2755 Atrebatensis
865 2695 1093 2770 deambulamus,
1118 2693 1277 2766 Celtiugen
1301 2679 1375 2744 nobit

205 2796 241 2858 de
255 2799 347 2858 aulice
363 2798 485 2874 quodam
499 2799 586 2874 dixit,
610 2801 659 2873 qui
674 2815 738 2858 cum
753 2815 772 2858 a
787 2798 900 2860 derare
920 2800 1064 2875 stipendia
1085 2801 1219 2874 exigeret
1233 2811 1270 2856 ac
1285 2791 1374 2850 ΟΜ

204 2903 411 2975 respondisset:
426 2902 451 2960 ll
464 2901 538 2963 fault
552 2906 634 2963 avoir
647 2905 787 2979 patience,
803 2905 912 2964 auheus
928 2905 1013 2964 dixit:
1038 2903 1086 2966 Gil
1100 2921 1154 2978 aye
1169 2918 1231 2976 ony
1247 2895 1373 2973 patiessoe

206 3009 234 3063 et
257 3007 373 3078 passion
392 3023 445 3079 par
459 3007 488 3064 la
503 3009 619 3080 passion
635 3008 671 3067 de
686 3009 761 3068 dieu.
800 3009 897 3070 Caesar
917 3008 1045 3070 obtinens
1059 3010 1147 3083 iussit
1165 3010 1211 3069 illi
1226 3005 1372 3066 numerare

205 3110 378 3183 quingentos
399 3109 533 3172 florenos.
578 3112 635 3171 Sed
656 3129 714 3172 non
735 3113 865 3176 omnibus
888 3131 971 3189 aeque
991 3113 1112 3174 feliciter
1133 3115 1223 3174 cessit
1248 3099 1373 3170 leonibus
1454 3179 1455 3203 ἶ

206 3213 362 3273 collusisse.

293 3319 405 3380 Eadem
424 3319 609 3382 adferebatm·
623 3339 721 3385 rumor
735 3323 881 3399 Hispanos
894 3323 1004 3398 aliquot
1018 3323 1207 3399 Argentorati
1227 3323 1260 3383 iu
1275 3313 1371 3376 0¹⁰rt⁰

206 3425 329 3486 tumultu
344 3428 451 3488 occisos
467 3443 537 3488 esse.
561 3429 671 3488 Eadem
685 3429 780 3488 socrui
795 3435 824 3488 et
838 3430 921 3489 uxori
936 3445 989 3502 per
1003 3429 1144 3490 loannem
1166 3427 1251 3489 nobis
1266 3411 1370 3494 ,peni-

205 3531 259 3594 bus
279 3534 452 3610 scripsimus.
483 3534 600 3604 ‚Eodem
619 3535 719 3596 doctm
739 3530 859 3594 Carolus
880 3534 972 3594 Harst
989 3551 1041 3608 per
1063 3535 1223 3596 Saruuelem
1242 3526 1370 3604 nepotem

206 3644 335 3696 nostrum
351 3641 488 3700 nonnulla
502 3642 584 3701 nobis
599 3641 753 3700 nunciavit
1045 3687 1047 3690 -

295 3741 420 3802 acorna
436 3743 586 3820 Philippus
607 3750 637 3804 et
650 3746 781 3805 Eubulus
800 3744 944 3804 theatrum
966 3744 1038 3804 illud
1060 3744 1210 3818 Hispanis,
1231 3753 1288 3816 quo
1307 3727 1369 3810 pilffi

207 3857 237 3900 se
257 3845 287 3902 in
315 3844 369 3903 hoc
398 3855 578 3921 exercerent,
609 3851 768 3923 sumptibus
793 3848 1031 3924 urbisAugustce
1055 3850 1247 3924 pavimentum
1278 3830 1367 3915 pgpidc

207 3948 301 4011 coctili
323 3952 453 4022 stratum,
476 3948 584 4008 habens
599 3951 629 4010 in
643 3951 850 4026 longitudinem
865 3953 978 4013 circitm
1001 3958 1116 4014 centum
1130 3942 1310 4028 septuaginlfl
1321 3951 1368 4016 Pl·

206 4052 266 4128 des,
289 4054 319 4113 in
338 4053 519 4114 latitudinem
539 4054 636 4114 decem
659 4061 688 4114 et
707 4061 786 4130 octo,
813 4058 906 4117 tribus
924 4057 1082 4132 parictibus
1101 4058 1241 4131 ebusum,
1264 4048 1314 4113 sed
1332 4038 1366 4102 hb

207 4160 318 4218 oriente
337 4164 453 4234 patens,
480 4157 611 4218 vidimus.
650 4160 780 4220 Vidimus
801 4167 831 4220 et
853 4163 1000 4236 cujnsdam
1023 4162 1185 4236 Augustani
1211 4147 1366 4235 spendida

208 4261 293 4335 sedes,
309 4265 359 4336 qui
373 4265 427 4324 hoo
442 4264 562 4325 disticho
576 4263 709 4344 largitori
724 4283 810 4342 opum
825 4282 941 4326 suarum
956 4269 1019 4330 Deo
1035 4268 1100 4327 coeli
1115 4272 1145 4326 et
1158 4271 1246 4326 terrm
1261 4265 1289 4326 in
1302 4261 1365 4317 ⁵⁸¹⁰

206 4382 293 4441 super
307 4374 421 4442 portam
435 4369 534 4432 domus
550 4369 665 4446 depingi
680 4377 847 4432 curaverat:
