2940 4900
743 329 807 396 tae

188 534 246 575 non
262 520 326 574 erat
339 515 368 572 iu
384 531 418 572 eo
439 513 555 572 veritas.
594 511 650 583 Qui
671 526 734 570 curn
755 509 933 570 mendacium
953 511 1094 583 loquitur,
1118 525 1154 566 ex
1176 507 1291 583 proprio
1308 506 1345 565 lo-

189 621 294 694 quitur,
303 620 372 692 quin
388 623 416 675 et
430 617 491 688 ipse
504 617 597 688 ipsum
610 623 639 674 et
652 616 830 676 mendacium
846 621 890 674 est
905 622 934 674 et
948 621 1030 690 pater
1043 615 1104 687 ejns
1118 617 1171 672 etc.
1203 613 1231 671 Is
1243 613 1347 685 spiritus

189 741 311 799 nequam
326 727 356 782 et
370 722 479 782 Sathan
495 721 622 794 quotidie
637 722 743 794 satagit
757 720 915 780 doctrinam
929 721 1005 778 illius
1021 720 1137 792 spiritus
1149 717 1279 776 veritatis
1292 717 1349 774 sub

189 836 302 888 semera
324 834 353 887 et
372 827 476 898 omnia,
500 829 532 882 ut
552 841 626 882 nuuc
648 825 678 882 in
698 829 852 898 prospectu
871 827 924 896 est,
948 824 1120 882 conturbans
1138 839 1173 880 ac
1194 837 1313 894 regnans
1325 820 1350 876 in

190 933 256 992 fihis
272 931 448 992 diffidentia.
488 930 600 987 Dicitur
619 928 693 986 idem
715 929 832 1002 spiritus
853 945 875 986 s.
896 928 1006 1000 unctio,
1031 943 1065 986 eo
1086 927 1163 999 quod
1184 927 1239 986 hoc
1260 925 1351 998 spiritu

189 1035 421 1095 sanctificationis
436 1038 466 1092 et
480 1034 509 1090 iu
525 1049 610 1106 reges
624 1040 655 1092 et
668 1034 698 1090 iu
714 1033 878 1092 sacerdotes
894 1033 1039 1105 ungimur:
1058 1030 1239 1103 Sacerdotes,
1254 1035 1286 1088 ut
1299 1029 1352 1086 Deo

191 1139 318 1214 quotidie
333 1155 385 1198 nos
401 1140 478 1214 ipsos
497 1139 527 1196 in
543 1137 656 1197 Christo
677 1137 821 1196 sacerdoti
840 1153 948 1196 summo
968 1143 998 1196 et
1017 1136 1079 1210 regi
1098 1129 1184 1195 unico
1200 1134 1352 1206 oderamus,
1446 1183 1447 1186 ,

189 1243 393 1304 mortificantes
417 1245 448 1304 iu
470 1244 524 1302 hoc
550 1243 653 1317 spiritu
681 1241 787 1300 veteris
808 1243 898 1300 nostri
922 1241 1026 1300 Adurni
1049 1240 1306 1314 concupiscentias,
1330 1240 1355 1294 et

190 1367 280 1424 opera
301 1366 354 1408 neo
376 1365 433 1408 non
455 1354 484 1407 et
503 1364 603 1422 preces
617 1350 732 1405 sauctus
746 1344 810 1404 Deo
830 1343 982 1420 oderimus,
1003 1345 1058 1405 hoc
1077 1347 1180 1428 spiritu
1202 1362 1226 1404 s.
1243 1343 1354 1418 gemitus

191 1461 304 1514 nostros
320 1456 486 1528 educante:
509 1454 613 1528 Reges,
630 1451 697 1526 quia
711 1452 742 1509 iu
757 1450 870 1509 Christo
885 1464 1037 1524 regnamus
1051 1451 1082 1508 iu
1096 1448 1232 1510 libertate
1248 1447 1355 1522 spiritus

193 1565 222 1617 et
245 1559 423 1616 conscientiae
448 1559 483 1615 de
505 1558 624 1630 mundo,
649 1573 735 1614 conae
758 1560 787 1613 et
809 1555 923 1614 diabdo
945 1571 999 1628 per
1020 1571 1117 1628 regem
1137 1558 1167 1612 et
1187 1552 1356 1612 sacerdotem

192 1667 320 1722 nostrum
336 1661 433 1720 Jesum
451 1661 594 1719 Christum
611 1661 729 1719 devictis
747 1661 896 1719 victoriam
914 1663 1104 1731 reportantes.
1142 1657 1259 1716 Dicitur
1277 1661 1306 1715 et
1319 1655 1355 1713 di·
1448 1737 1449 1740 Ἴ

193 1768 268 1839 gitus
289 1766 357 1838 Dei,
382 1783 416 1825 co
439 1765 516 1837 quod
538 1766 616 1824 Deus
639 1770 722 1838 pater
744 1780 796 1838 per
817 1763 895 1821 hunc
916 1763 1047 1837 spiritum
1069 1769 1218 1837 operetur,
1243 1762 1315 1820 siout
1331 1761 1358 1817 in

193 1871 294 1928 Exodo
309 1870 386 1941 magi
407 1869 574 1941 Aegyptiaci
595 1868 738 1926 ulceribus
757 1865 883 1939 undique
902 1867 999 1926 iniecti
1019 1868 1227 1926 exclamarent:
1251 1865 1358 1938 Digitus

194 1977 249 2034 Dei
263 1974 310 2031 hio
325 1977 369 2030 est
384 1977 437 2030 etc.
468 1972 580 2030 Dicitur
600 1977 630 2030 et
648 1971 760 2044 pignus,
785 1971 861 2045 quod
882 1973 964 2032 nobis
985 1974 1141 2046 promissus
1163 1977 1193 2030 et
1215 1972 1299 2032 datus
1318 1969 1357 2039 sit,
1447 1961 1448 2030 i

194 2083 357 2137 contestans
378 2076 522 2135 Christum
541 2077 622 2136 nobis
643 2065 752 2150 omnia,
776 2093 840 2150 quae
861 2078 1004 2151 promisit,
1028 2079 1239 2152 praestiturum,
1263 2077 1358 2137 docens

193 2188 226 2241 ut
248 2183 319 2240 certi
341 2181 428 2239 simus
450 2181 486 2239 do
508 2181 703 2240 misericordia
724 2181 780 2240 Dei
803 2189 832 2240 et
851 2183 943 2242 salute
961 2183 1043 2241 uobis
1063 2198 1116 2254 per
1132 2181 1279 2240 Christum
1298 2179 1359 2238 data

192 2295 246 2346 etc.
269 2288 323 2346 Est
337 2292 366 2346 et
381 2284 485 2346 arrabo
501 2287 690 2360 conscientiae,
706 2303 763 2360 quo
779 2287 938 2360 consignati
953 2303 1049 2344 sumus
1064 2287 1092 2344 in
1111 2284 1185 2346 filios
1201 2283 1358 2360 adoptionis

195 2399 224 2452 et
238 2392 392 2452 coheredes
409 2391 523 2450 Christi.
556 2390 685 2449 Christus
700 2392 785 2450 lesus
804 2390 879 2450 iilius
900 2395 943 2448 est
957 2391 1097 2450 naturalis
1112 2391 1167 2449 Dei
1187 2392 1291 2465 patris,
1313 2403 1359 2446 nos
1450 2379 1451 2382 ’

194 2514 251 2556 uon
267 2504 370 2556 natura
385 2497 436 2556 sed
456 2479 610 2570 adoptione
631 2502 660 2554 et
678 2496 891 2569 consignatione
912 2494 996 2567 hujus
1015 2495 1166 2554 arrabonis
1185 2487 1285 2554 sumus
1298 2491 1358 2550 iacti

193 2600 244 2659 lilii
259 2607 288 2659 et
308 2600 471 2673 coheredes,
496 2604 528 2657 ut
549 2601 634 2658 liceat
654 2599 737 2658 nohis
757 2601 787 2656 in
807 2599 863 2658 hoc
884 2599 985 2672 spiritu
1008 2599 1140 2672 clamare,
1164 2597 1251 2659 Abba
1273 2602 1357 2675 pater,

193 2705 291 2766 eodem
312 2706 414 2778 spiritu
434 2705 556 2777 gemitus
575 2709 688 2763 nostros
709 2705 875 2778 adjuvante3
901 2711 1020 2763 vocatur
1043 2708 1073 2762 'ot
1096 2701 1179 2762 dator
1203 2717 1357 2772 munerum,

194 2810 270 2882 quod
284 2817 343 2868 tam
358 2809 487 2882 speciosa
507 2807 581 2868 dona
601 2808 684 2866 nobis
702 2810 853 2883 largiatur,
878 2813 909 2867 ut
930 2815 974 2868 est
993 2808 1153 2884 prophetie
1176 2808 1292 2883 donum,
1315 2807 1359 2866 do

193 2931 261 2970 nuru
276 2915 442 2986 sanationis,
466 2912 571 2971 dorium
586 2915 763 2986 constantiae,
787 2912 856 2972 fidei
871 2920 924 2972 eto.
960 2913 1027 2972 Nou
1041 2919 1137 2972 tamen
1157 2913 1289 2972 omnibus
1302 2912 1359 2970 hac

193 3016 269 3074 dona
283 3017 413 3090 largitur,
437 3016 488 3074 sed
503 3018 621 3090 singulis
636 3023 722 3088 prout
735 3019 797 3076 vult
812 3018 920 3078 dividit.
957 3017 1013 3076 Hic
1031 3023 1124 3076 autem
1146 3020 1278 3092 coarguit
1296 3017 1357 3075 doc·

128 3105 130 3108 ’
194 3121 311 3192 trinam,
337 3136 393 3193 qua
415 3120 534 3192 papistae
558 3120 594 3178 de
617 3118 794 3194 benignitate
816 3121 872 3180 Dei
894 3123 1021 3182 homines
1043 3122 1175 3182 dubitare
1193 3123 1310 3196 jubent,
1332 3122 1358 3176 et

193 3240 265 3295 eam,
289 3224 340 3296 ait,
364 3240 399 3281 cx
414 3230 497 3297 patre
512 3225 725 3284 mendaciorum
745 3225 861 3285 diabolo
880 3243 951 3286 esse.
990 3229 1062 3286 Item
1081 3227 1159 3301 quod
1176 3224 1230 3286 hoc
1250 3239 1357 3286 sacrum

193 3345 314 3404 pneuma
331 3344 393 3387 cum
408 3335 491 3403 patre
507 3334 536 3388 et
549 3328 609 3389 filio
624 3331 654 3387 in
669 3345 726 3388 una
742 3335 771 3388 et
786 3332 884 3392 eadem
905 3333 1012 3392 deitate
1032 3333 1209 3394 adorandum
1224 3332 1271 3392 sit.
1310 3327 1357 3387 Cui

194 3451 306 3508 semper
322 3435 441 3508 sit-laus
463 3439 493 3494 et
511 3435 603 3494 honor
623 3440 652 3493 et
671 3435 773 3521 gloria.
813 3436 922 3496 Clausit
940 3443 1035 3497 autem
1057 3438 1221 3497 concionem
1242 3437 1357 3497 collecta

192 3547 220 3599 et
236 3557 321 3600 orans
336 3557 389 3614 pro
409 3557 488 3600 more
502 3541 576 3627 Mith
592 3541 667 3600 deun
682 3541 873 3602 Ehehaltenu.
903 3542 976 3600 Veni
992 3559 1061 3617 ergo
1076 3547 1220 3602 ocreator
1233 3544 1356 3617 spiritus,

191 3645 355 3703 consolator
370 3646 556 3718 maerentium,
579 3646 692 3705 illustra
715 3653 745 3707 et
764 3664 833 3720 rege
854 3651 964 3704 mentes
986 3652 1099 3706 nostras
1121 3648 1152 3708 iu
1170 3647 1214 3704 his
1235 3645 1356 3706 tenebris

191 3752 220 3804 et
234 3748 506 3822 perturbationibus,
522 3755 553 3808 ut
570 3750 714 3810 Christum
729 3752 827 3810 Jesum
842 3766 909 3809 vere
924 3767 1079 3824 agnoscere
1095 3757 1124 3810 et
1139 3752 1168 3810 in
1183 3753 1247 3824 eius
1262 3751 1355 3826 cogni·

191 3851 269 3908 tione
284 3849 410 3924 undique
424 3853 508 3912 modo
524 3855 697 3914 instantibus
717 3856 851 3928 periculis
870 3871 1038 3928 permanere
1058 3856 1212 3915 valeamus.
1248 3856 1357 3931 Adjura

191 3957 313 4029 gemitus
328 3962 441 4015 nostros
456 3962 488 4016 ut
506 3951 569 4018 crim
588 3959 692 4018 fiducia
714 3961 865 4022 clamemus
883 3961 966 4020 Abba
986 3966 1079 4034 pater,
1102 3962 1289 4020 conscientias
1309 3976 1355 4018 uo

190 4054 266 4118 atras
280 4059 337 4118 tide
353 4064 382 4118 et
396 4062 542 4137 patientia,
559 4080 594 4122 ne
610 4055 824 4122 succumbamus
838 4079 934 4124 coram
949 4065 1081 4138 rugiente
1095 4066 1188 4139 leone,
1204 4066 1356 4126 corrobma

191 4168 220 4222 et
239 4179 353 4222 caumm
368 4172 494 4226 nostram
515 4168 553 4226 ad
567 4169 687 4227 nominis
703 4167 759 4225 Dei
780 4169 915 4242 gloriam,
939 4170 1128 4244 subjectorum
1151 4169 1309 4245 proiectum
1330 4173 1356 4228 et

191 4269 294 4327 animae
317 4276 421 4330 nostrae
445 4275 566 4332 salutem
589 4271 721 4346 dispone,
752 4273 800 4346 qui
828 4273 897 4332 vivis
926 4279 956 4333 et
978 4292 1083 4350 regnas
1106 4291 1169 4334 cnm
1190 4275 1254 4334 Deo
1277 4280 1355 4349 patre

190 4375 310 4446 Deoque
325 4373 384 4434 filio
399 4376 478 4434 Deus
492 4377 573 4434 vivus
589 4379 618 4434 et
632 4391 715 4434 unus.
746 4374 847 4434 Amen.
