2966 4900
682 283 745 350 loa

118 464 229 524 verbum
244 464 350 525 salutis
367 466 578 526 annunciabat.
604 467 662 526 Sed
677 467 747 540 quid
759 465 875 526 actum?
900 464 1048 542 Clamavit,
1065 471 1168 544 inquit,
1185 473 1296 544 sapien·

116 570 154 628 tia
167 571 197 628 in
212 571 336 644 plateis,
355 577 388 632 et
404 573 536 632 Joannes
552 573 678 646 baptista
694 573 786 645 venit,
810 573 994 632 1111111111
1010 575 1076 632 vitae
1092 580 1121 632 et
1136 577 1297 648 praedicans

116 676 323 746 poenitentiam.
357 676 451 736 Hunc
470 677 572 736 audbe
592 681 727 737 renuunt.
759 676 889 736 Christus
911 680 989 737 venit
1009 679 1086 736 mitis
1107 684 1136 737 et
1157 678 1297 754 benignus

116 778 261 840 dnlcedme
276 797 333 840 sua
349 788 523 854 peccatores
538 781 700 842 attrahens:
723 782 808 841 Hunc
831 782 1023 856 vinipotorem
1039 789 1069 842 et
1083 785 1190 843 socium
1207 783 1299 858 publi-

115 898 245 943 canorum
260 901 297 944 ao
312 888 508 946 meretricum
522 893 637 960 vocant,
654 888 814 946 doctrinam
829 888 891 960 ejus
907 887 1072 948 seditiosam
1087 889 1195 963 dicum,
1211 888 1297 948 bene-

115 985 262 1048 facientem
278 991 425 1050 omnibus
442 997 471 1051 et
485 992 604 1052 terbum
619 992 764 1052 miraculis
779 990 1011 1068 confirmantem,
1028 995 1110 1052 cecis
1125 995 1216 1054 visum
1232 994 1297 1053 red·

116 1092 237 1170 dentem,
262 1095 410 1170 leprosos
431 1097 630 1172 mundantem,
655 1096 799 1158 daemones
821 1099 982 1170 ejicientem
1003 1099 1174 1160 daemonium
1188 1098 1296 1160 babere

116 1197 309 1258 radiarentur
326 1207 388 1262 etc.
421 1203 461 1262 Et
476 1203 516 1260 sic
531 1209 564 1262 ut
577 1203 715 1262 Dominus
730 1205 792 1277 ipse
815 1205 869 1262 ait:
895 1204 1006 1263 Similes
1025 1203 1094 1264 iacti
1114 1211 1181 1262 sunt
1202 1208 1298 1278 pueris

116 1304 255 1376 inplatea
276 1307 456 1368 sedentibus
476 1314 506 1367 et
526 1307 687 1368 dicentibus
707 1307 852 1368 sodalibus
871 1309 942 1366 suis:
968 1307 1126 1366 cecinimus
1148 1309 1243 1382 vobis,
1269 1315 1298 1368 11

117 1420 170 1464 111
184 1409 332 1486 suasus,
358 1414 537 1487 ploravimus
553 1421 581 1472 et
596 1430 654 1472 non
669 1413 791 1472 luxistis,
822 1414 863 1472 Et
877 1428 963 1485 quam
978 1413 1078 1486 timeo,
1095 1414 1198 1487 inquit,
1216 1429 1252 1471 ne
1269 1421 1297 1471 et

118 1509 278 1572 Germaniae
293 1518 356 1576 hoc
372 1519 405 1576 in
420 1530 501 1576 sunm
516 1519 609 1576 sinum
624 1516 744 1577 diffluat.
775 1518 822 1576 Ex
842 1517 931 1575 111111
952 1522 1083 1590 tempore
1104 1517 1222 1576 verbum
1244 1516 1295 1576 do·
1335 1523 1337 1536 ⁴

119 1617 182 1675 mini
196 1619 313 1680 sincere
330 1623 495 1682 audiuimus
510 1627 540 1682 et
554 1638 613 1681 non
634 1637 784 1696 possumus
806 1624 999 1696 ignorantiam
1019 1623 1216 1697 praetendere,
1241 1623 1297 1679 nisi

119 1716 188 1780 sorte
201 1725 242 1799 bi,
259 1727 376 1800 quibus
390 1727 420 1786 id
435 1727 535 1787 audire
550 1733 580 1787 et
594 1727 692 1787 videre
707 1745 765 1787 non
780 1727 855 1788 licet.
882 1727 953 1786 Cum
967 1745 1036 1787 vero
1046 1744 1123 1786 nnnc
1133 1728 1295 1802 persecutio

121 1823 216 1906 instet,
241 1829 439 1908 advigilemus
455 1838 484 1891 et
503 1849 666 1904 caveamus,
689 1849 725 1892 ue
746 1834 782 1893 ab
804 1849 838 1892 eo
857 1832 1029 1893 relabamur.
1059 1832 1181 1893 Addidit
1200 1839 1295 1893 autem

122 1925 247 1993 Christus
263 1953 347 1998 nuno
368 1955 427 1997 uon
444 1937 553 1998 babere
573 1938 705 2013 Judaeos,
729 1937 806 2011 quod
828 1945 946 2012 peccato
967 1953 1018 1998 suo
1039 1945 1213 2014 praetexant,
1239 1955 1297 1996 non

124 2031 199 2094 dicit:
222 2039 295 2100 Non
311 2059 346 2102 11
363 2041 552 2116 excusabunt,
573 2044 696 2102 sednon
711 2043 831 2119 babent,
856 2061 912 2117 quo
928 2061 959 2104 se
975 2051 1118 2104 excusent.
1150 2043 1238 2129 Aliud
1254 2048 1298 2102 est

126 2140 195 2198 thim
209 2149 239 2204 te
254 2163 319 2206 uon
344 2163 497 2223 excusare,
522 2153 552 2207 et
572 2149 662 2221 aliud,
686 2165 743 2221 quo
764 2155 793 2208 te
814 2166 931 2210 excuses
953 2166 1010 2208 non
1028 2151 1144 2209 habere.
1183 2150 1297 2208 Natura

126 2246 194 2322 enim
208 2249 265 2310 boc
281 2255 417 2314 omnibns
432 2257 562 2312 innatum
577 2259 629 2329 est,
639 2260 671 2313 ut
684 2255 715 2312 in
730 2257 830 2328 quovis
847 2257 950 2314 delicto
965 2256 1094 2313 homines
1110 2270 1140 2312 se
1159 2267 1296 2310 excusare

125 2359 267 2416 conentur.
313 2359 364 2419 Sic
384 2360 493 2434 primus
515 2376 621 2432 parens
641 2366 739 2418 noster
759 2359 885 2419 adamus
908 2359 1071 2432 alloquente
1094 2376 1159 2432 eum
1183 2358 1296 2415 domino

126 2453 253 2520 obesum
268 2465 367 2539 pomi,
390 2466 445 2524 ait:
468 2465 589 2538 Mulier,
613 2478 699 2536 quam
714 2462 818 2523 dedisti
832 2464 915 2537 mihi,
938 2464 1018 2523 dedit
1037 2465 1106 2522 mihi
1126 2463 1163 2521 de
1183 2461 1295 2520 arbore.

127 2555 186 2622 sva
200 2574 297 2630 antem
317 2572 401 2632 dixit:
428 2571 552 2644 Serpens
569 2571 683 2644 decepit
702 2557 753 2628 me'
767 2574 800 2626 ut
815 2571 1003 2630 comederem.
1027 2568 1131 2628 Genes.
1150 2571 1178 2626 3.
1210 2565 1296 2625 Vide-

129 2683 185 2727 mus
199 2673 324 2737 idem-in
339 2679 436 2758 pueris
452 2676 634 2750 quantumvis
649 2676 777 2749 tenellis,
801 2677 825 2734 si
841 2675 910 2749 quid
925 2674 1106 2746 admiserint,
1130 2672 1223 2732 subito
1246 2687 1295 2728 ex·

130 2779 304 2841 cusationem
315 2784 374 2841 suis
389 2780 544 2841 commissis
560 2785 729 2856 praetexere.
754 2781 812 2840 Sed
826 2797 884 2839 non
900 2782 939 2840 sic
955 2796 1006 2839 nos
1022 2795 1149 2852 agamus,
1167 2795 1184 2836 1
1201 2778 1297 2837 dilecti

130 2874 290 2973 inclusae,
308 2903 497 2961 agnoscamus
511 2882 746 2960 ingratitudinem
761 2892 888 2946 nostram
904 2891 932 2946 et
946 2903 998 2944 nos
1013 2901 1076 2944 cum
1092 2890 1167 2943 reste
1183 2883 1221 2944 ad
1237 2885 1293 2942 col-

132 2976 186 3041 lum
199 2997 266 3051 aute
283 2991 331 3050 dei
346 2990 447 3051 faciem
462 2993 644 3066 projiciamus
659 2993 769 3052 veniam
784 2999 914 3066 petentes
930 3009 1040 3068 nosque
1055 2996 1221 3067 peccatores
1248 3007 1297 3064 ag·

132 3099 288 3172 noscentes,
305 3097 353 3155 ille
369 3098 453 3170 enim,
470 3098 520 3169 qui
534 3114 591 3156 non
606 3097 732 3157 audebat
746 3099 783 3158 ad
799 3101 901 3161 coelum
917 3100 1014 3158 oculos
1030 3099 1172 3172 attollere,
1190 3098 1298 3166 dicens,

134 3187 207 3254 Deus
222 3208 284 3263 esto
300 3201 441 3276 propitius
456 3203 526 3261 mihi
545 3204 702 3276 peccatori,
724 3202 897 3275 justificatus
917 3204 973 3262 dici
992 3205 1105 3262 meruit.
1136 3181 1297 3276 Hypocrita

34 3307 35 3315 ³
134 3311 197 3360 vero
211 3305 268 3367 iste
283 3323 314 3366 se
330 3322 469 3366 excusans
486 3311 515 3364 et
530 3309 708 3376 sanctitatem
723 3310 906 3380 praetendens
922 3309 1094 3380 reprobatus
1109 3304 1188 3362 abiit.
1223 3303 1296 3360 Con·

34 3457 35 3498 1
136 3405 200 3466 tede
214 3398 474 3486 igitur'propitiu's,
492 3417 516 3469 ‘o
533 3411 645 3470 domine
660 3411 739 3486 dene,
755 3418 788 3470 ut
802 3411 921 3506 verbum
935 3416 1015 3467 tuum
1031 3410 1069 3466 sit
1083 3409 1199 3464 lucerna
1215 3405 1294 3480 pedi·

35 3529 37 3541 ·
136 3503 185 3568 bus
199 3518 307 3578 nostris
323 3523 352 3576 et
366 3533 401 3576 eo
416 3517 514 3576 audito
530 3515 696 3588 perenniter
711 3514 918 3587 adhaereamus,
934 3513 1019 3585 idque
1033 3529 1086 3586 per
1101 3509 1199 3568 ι1111111
1216 3509 1296 3582 Chri-

34 3618 36 3689 (
137 3615 206 3676 illm
221 3622 366 3682 dominum
379 3627 518 3682 nostrum.
541 3619 644 3677 Amen.

219 3725 440 3786 Revertentibus
456 3726 537 3786 nobis
553 3741 569 3784 e
584 3725 690 3799 templo
706 3722 840 3782 Liborius
856 3721 969 3782 obviarn
989 3721 1030 3782 fit,
1062 3722 1225 3782 statueram
1245 3741 1296 3782 11-

34 3892 35 3903 ,
138 3825 189 3884 ten
203 3817 424 3893 Atrebatensem
437 3829 532 3904 adue,
557 3831 609 3890 sed
623 3834 690 3889 1111Ι
700 3829 848 3888 consilium
863 3829 972 3896 Liborii
988 3835 1017 3888 et
1036 3829 1112 3902 quod
1134 3831 1245 3900 Viglius
1268 3829 1298 3884 in

37 3974 38 3978 ,
139 3931 231 3996 eadem
245 3939 341 4011 platea
356 3938 532 3996 mansionem
548 3952 630 3995 suam
644 3936 762 4009 babeat,
784 3941 897 3995 secutus
912 3951 946 3994 ac
962 3911 1122 4010 opportune
1137 3931 1248 4000 Viglius
1265 3945 1298 3984 ae

141 4030 234 4100 Saldus
255 4059 314 4101 nna
336 4047 402 4100 ante
424 4041 640 4101 hibernaculum
666 4040 748 4101 nobis
771 4042 883 4101 obviam
906 4041 1047 4099 veniunt«
1071 4038 1128 4094 Per
1151 4034 1299 4091 Liberium

140 4148 229 4204 tutem
242 4147 327 4220 petii,
352 4147 419 4218 quia
433 4147 568 4206 hesterno
585 4148 631 4206 die
646 4146 683 4206 ad
698 4147 787 4220 pedes
802 4147 917 4204 caesaris
936 4161 980 4202 me
1001 4140 1199 4214 conjecissem,
1224 4153 1300 4196 nunc

141 4256 197 4307 eum
211 4251 280 4310 mibi
294 4248 422 4310 favorem
436 4257 588 4326 praestare,
602 4257 646 4324 ¹ut
665 4253 770 4310 litterae
791 4249 978 4309 absolutionis
1001 4241 1250 4302 conscriberentur
1270 4249 1300 4302 et

38 4408 39 4421 ,
140 4344 323 4414 incruentus:
349 4355 505 4432 Quodjam
520 4374 538 4418 a
553 4373 679 4417 caesarea
700 4357 849 4430 majestate
871 4356 1006 4425 acceptus,
1027 4350 1094 4423 sim,
1120 4355 1149 4408 et
1171 4347 1248 4421 quod
1269 4349 1299 4420 ii,

163 4476 274 4525 11111
1047 4457 1086 4512 13
