2940 4900
689 295 752 361 llll

122 493 204 536 mus.
236 475 396 536 (iuraverat
414 481 509 536 autem
528 476 645 538 domina
665 477 799 553 princeps
820 480 938 540 verbum
959 479 1065 540 domini
1081 483 1136 543 sibi
1151 487 1180 542 et
1194 482 1307 542 familiae

120 598 182 660 per
206 583 393 642 eocledasten
416 583 494 643 urbis
516 582 692 655 Augustanos
713 584 895 659 annunciari,
920 587 970 659 qui
998 603 1034 644 ex
1055 603 1118 661 cap.
1145 591 1162 646 3
1185 589 1308 647 loannis

120 703 196 745 eum
216 693 340 762 textum,
364 688 413 761 qui
434 687 481 770 die
505 687 661 748 Trinitatis
678 689 798 775 praelegi
818 689 891 749 solet
909 691 1051 765 ecclesias,
1075 693 1308 752 christianissime

120 794 281 867 exposuit,
304 794 436 865 inquiens
457 794 534 852 inter
556 799 665 854 cetera:
695 794 820 853 Verbum
843 795 950 854 domiui
974 797 1101 870 quotidie
1125 781 1256 858 audimus
1279 803 1308 856 et

119 897 155 956 id
177 914 236 971 per
259 899 379 957 multum
396 900 457 972 jam
479 905 601 974 tempus,
625 899 677 958 sed
698 901 769 959 nihil
783 906 925 974 praterea
949 903 1107 975 cogitamus
1126 902 1162 962 de
1185 920 1305 962 renova·

119 1005 210 1063 tione
225 1004 293 1062 vitae
313 1010 341 1063 et
360 1002 536 1077 aspiratione
555 1004 640 1077 huius
658 1006 747 1064 venti.
777 1005 922 1066 Mutemus
941 1007 1030 1080 igitur
1050 1007 1205 1081 aliquando
1224 1009 1304 1068 insti-

119 1111 224 1168 tutum
239 1108 315 1168 vitoe.
346 1108 421 1168 Nam
436 1110 519 1182 sicut,
533 1109 635 1183 inquit,
652 1107 741 1169 iacies
756 1115 807 1171 tua
820 1112 905 1172 modo
920 1113 1061 1187 pallescit,
1084 1129 1159 1172 nono
1173 1113 1306 1172 rubicun-

120 1213 193 1273 dior
208 1211 254 1288 fit,
277 1214 303 1272 si
317 1217 402 1274 vento
418 1202 541 1286 affletur,
566 1215 608 1272 ita
622 1229 701 1274 mens
722 1220 821 1274 nostra
836 1215 931 1276 subito
947 1217 972 1274 si
986 1216 1023 1276 ab
1037 1218 1092 1276 hoc
1107 1235 1130 1276 s.
1146 1219 1249 1291 spiritu
1264 1218 1305 1278 as-

120 1317 244 1393 flemur‚
268 1318 420 1379 innovatur
441 1323 495 1378 etc.
525 1319 617 1378 lussit
636 1336 752 1393 quoque
770 1321 827 1380 rim
847 1321 987 1381 orationis
1006 1321 1119 1395 piorum
1141 1323 1303 1382 considere·

121 1441 206 1498 mns,
232 1423 378 1484 adducens
402 1424 560 1497 exemplum
581 1425 669 1497 Elias,
692 1427 775 1500 cuijus
795 1425 878 1486 unius
898 1426 1031 1500 precibus
1053 1426 1155 1492 coelum
1178 1428 1304 1486 clausum

122 1535 172 1590 est
188 1535 221 1588 et
236 1546 338 1589 rursus
351 1530 449 1602 pluvia
468 1529 628 1605 descendit,
653 1536 687 1589 ut
704 1531 829 1590 inlibris
844 1547 944 1605 regum
959 1531 1058 1590 videre
1076 1537 1129 1590 est.

219 1635 308 1709 Apud
328 1635 537 1710 landtgravium
557 1633 680 1694 aderant
698 1636 869 1702 wilhelmus
883 1653 901 1696 a
915 1637 1038 1710 Nasson,
1064 1634 1133 1695 Otto
1153 1651 1171 1694 a
1186 1636 1302 1696 Schem-

123 1740 204 1814 berg
222 1739 438 1814 archiepiscopi.
452 1738 630 1800 coloniensis
649 1739 754 1815 irater,
780 1740 929 1802 Conradus
950 1759 968 1802 a
988 1741 1144 1816 Boneburg
1165 1757 1252 1815 eques
1274 1747 1303 1802 et

123 1845 314 1908 Waldeciani
335 1849 467 1919 quatuor.
508 1845 610 1906 comas
625 1846 795 1910 Wilhehnus
815 1846 888 1906 dixit
902 1863 954 1908 nos
968 1848 999 1906 in
1013 1849 1169 1908 crastinum
1185 1863 1203 1906 a
1218 1846 1301 1907 Golo-

124 1952 226 2012 niensi
240 1951 375 2012 invitatos
389 1951 435 2026 iri,
451 1951 529 2025 quod
543 1967 596 2010 nec
609 1955 717 2025 metuo,
733 1967 786 2011 neo
801 1957 878 2026 opto.

220 2056 343 2130 Experti
356 2072 454 2116 sumus
469 2057 500 2115 iu
514 2056 569 2116 hoc
583 2057 646 2130 ipso
661 2056 805 2130 consino,
826 2073 911 2130 quam
933 2058 1022 2131 probe
1038 2057 1154 2117 domina
1169 2057 1302 2133 princeps

124 2180 144 2222 a
159 2137 310 2234 ndnuullis
324 2161 412 2220 fuerit
426 2164 575 2236 instructa,
591 2167 624 2220 nt
637 2160 698 2221 lere
714 2161 877 2222 Coloniensi
891 2163 1090 2227 subscriberet.
1127 2145 1133 2150 ⁵
1239 2235 1245 2242 .

220 2266 331 2326 Eadem
345 2267 374 2326 d.
395 2269 527 2340 princeps
546 2251 688 2352 loannem
708 2265 826 2326 fratrem
850 2273 978 2328 nostrum
999 2269 1036 2329 ad
1059 2270 1159 2326 ducem
1174 2269 1302 2329 Frideri-

125 2391 195 2434 cum
211 2373 365 2434 electorem
380 2373 470 2446 misit,
493 2377 525 2433 ut
539 2389 607 2432 cam
619 2378 781 2446 excusaret,
803 2372 881 2446 quod
896 2375 1033 2433 hactenus
1048 2373 1128 2432 illum
1144 2389 1201 2432 non
1215 2372 1303 2434 fuerit

125 2480 274 2551 allomta,
297 2463 479 2552 pretendens
502 2476 579 2552 quod
599 2478 752 2536 nesciverit
766 2494 803 2536 sn
819 2477 856 2544 ob
876 2479 991 2536 casaris
1006 2476 1223 2551 promerendam
1237 2494 1302 2550 gra-

125 2587 201 2645 tiam
222 2584 373 2658 adipsum
394 2583 489 2644 aditus
510 2599 548 2642 an
570 2597 651 2641 secus
675 2582 879 2642 incommodior
902 2581 1003 2642 fuisset
1025 2589 1079 2642 etc.
1117 2583 1235 2642 Elector
1257 2600 1302 2642 re-

126 2689 256 2764 spondit,
272 2689 342 2748 nihil
357 2687 483 2761 referre;
505 2689 578 2747 scire
593 2687 773 2746 clementiam
788 2703 878 2761 suam,
899 2689 929 2745 in
943 2704 1000 2761 quo
1015 2692 1154 2747 statores
1169 2704 1228 2747 suae
1244 2689 1303 2747 sint

127 2802 184 2856 etc.
210 2795 280 2856 (lum
296 2795 379 2854 multi
390 2799 580 2868 quererentur
595 2793 711 2851 nimium
725 2793 885 2853 cunctando
899 2808 953 2868 per
967 2792 1076 2852 aulicos
1088 2794 1201 2852 cassans
1216 2793 1302 2851 mole-

127 2902 211 2962 stari.
251 2902 387 2967 Inventus
408 2900 520 2972 estqui
539 2903 606 2960 ante
628 2913 740 2958 menses
767 2897 863 2958 decem
884 2899 999 2957 casaris
1023 2913 1190 2960 consensum
1215 2915 1302 2974 super

128 3006 276 3068 nonnullis
301 3004 503 3066 donationibus
526 2985 696 3080 Noribergre
716 3009 863 3064 assecutus
884 3009 961 3079 erat,
985 3004 1035 3063 sad
1056 3006 1087 3063 in
1111 3005 1187 3064 hunc
1211 3022 1301 3082 usque

129 3113 205 3174 diem
220 3111 457 3186 subscriptionem
472 3110 578 3170 habere
593 3125 651 3168 non
665 3112 767 3184 potuit.

218 3219 296 3278 Baro
310 3217 347 3275 dc
361 3215 450 3294 Bias,
466 3231 551 3290 quem
565 3220 658 3275 mater
671 3216 828 3289 legitimum
844 3233 906 3276 esse
922 3217 1055 3292 negabat,
1072 3216 1110 3276 ad
1125 3215 1200 3276 diem
1206 3217 1299 3275 Vane-

129 3327 170 3384 ris
180 3327 237 3398 ‚aut
251 3321 362 3384 sabbati
377 3322 506 3395 elapsum
520 3321 575 3380 buc
590 3321 719 3395 captivus
734 3320 874 3382 adductus
890 3327 943 3396 est,
969 3329 999 3380 et
1013 3323 1131 3382 timetur
1144 3322 1186 3382 illi
1201 3339 1220 3379 a
1235 3338 1300 3395 sup·

128 3428 216 3504 plicio
232 3429 344 3502 capitis.

218 3533 327 3594 Eadem
348 3551 366 3593 a
385 3533 507 3606 prandio
521 3533 670 3606 Philippus
691 3549 767 3590 ronn
786 3531 839 3590 der
852 3529 967 3588 Brucke
982 3529 1095 3587 Livonii
1115 3529 1300 3602 magistratus

131 3641 243 3714 legatus
257 3638 376 3698 Interim
390 3639 494 3698 mentis
508 3639 583 3696 illios
597 3638 680 3698 nobis
695 3637 805 3709 copiam
818 3634 895 3694 lecit.
911 3637 915 3642 '

219 3745 307 3819 miii
323 3745 396 3818 Maji
415 3743 442 3802 d.
464 3743 621 3818 principem
639 3743 715 3800 inter
737 3744 755 3798 4
777 3746 806 3799 et
828 3741 845 3796 5
866 3738 953 3799 horas
972 3755 1056 3798 mane
1075 3741 1138 3813 eius
1157 3740 1214 3828 disi
1234 3757 1301 3802 con·

131 3850 258 3908 venimus
273 3864 307 3910 ao
321 3866 384 3910 eam
399 3849 463 3908 Deo
478 3865 530 3908 nos
551 3865 610 3906 suae
631 3848 732 3921 gratias
754 3863 807 3920 pro
828 3861 908 3905 more
930 3847 1160 3908 commendantes
1182 3864 1217 3907 ac
1238 3863 1301 3908 earn

132 3953 180 4014 ubi
194 3955 424 4016 valedlxcramus
438 3954 476 4014 ad
495 3953 653 4014 vehiculum
673 3952 867 4028 perduximus.
908 3951 1082 4012 corroboret
1102 3953 1232 4012 dominus
1253 3969 1302 4012 cor
1419 4022 1428 4034 ι

131 4061 220 4135 ipsius
235 4065 264 4120 et
279 4059 430 4120 christinae
451 4077 511 4118 suae
530 4064 655 4119 mentem
675 4057 859 4117 christianam
881 4057 1064 4132 impartiatur
1085 4059 1196 4129 iterque
1220 4072 1302 4114 suum

131 4166 203 4226 bane
216 4165 352 4226 lortunet.
377 4165 524 4226 Corradus
545 4164 747 4238 aBeyneberg
766 4179 853 4237 eques
873 4167 991 4222 auratus
1011 4163 1103 4235 ipsam
1117 4161 1231 4219 Ulmam
1252 4161 1302 4220 de·

133 4269 220 4330 duxit.

218 4375 331 4436 Deinde
354 4379 385 4436 in
407 4376 515 4452 templo
535 4375 665 4435 Mauritii
685 4373 714 4434 d.
729 4375 856 4436 loannes
878 4374 1030 4438 Heinricus
1050 4387 1087 4430 ex
1109 4387 1171 4445 cap.
1200 4373 1238 4431 13
1263 4370 1301 4431 ad
