2940 4900
760 351 841 416 114*

206 535 321 608 explere
342 535 447 608 possit,
470 538 513 607 te,
537 532 738 606 benignissime
760 538 853 608 pater,
877 539 909 594 ut
929 533 997 593 mibi
1019 533 1124 593 misero
1140 536 1175 590 et
1194 530 1363 607 complicibus

204 641 275 699 mais
297 639 429 713 spiritum
448 621 626 698 illum'tuum
647 639 842 714 principalem,
866 645 920 714 pr'o
943 656 1000 714 quo
1020 640 1057 698 ad
1079 644 1108 698 te
1122 637 1213 697 tantis
1227 637 1364 711 gemitibus

204 744 301 804 David
323 745 456 804 clamavit
477 749 506 804 et
528 743 663 803 Salomon
684 740 760 802 filius
783 744 844 816 ejus
866 747 968 820 oravit,
992 749 1025 803 ιιι
1044 745 1153 820 possim
1173 755 1258 802 verus
1275 743 1365 816 patria

205 855 461 924 pater,.proteotor
475 850 528 908 tibi
542 849 712 922 placitorum
733 854 764 914 ‚et
784 849 888 908 vindex
906 850 1047 909 malorum
1065 850 1198 922 existere,
1222 853 1307 921 utque
1320 863 1365 921 ego

205 961 235 1014 et
258 973 329 1028 quos
350 955 419 1013 mihi
442 953 596 1013 subdidisti
617 955 757 1026 possimus
780 954 810 1012 in
838 954 1078 1014 obedientiario
1101 960 1128 1013 et
1151 953 1242 1013 serbo
1263 951 1312 1012 filii
1330 953 1367 1009 tui

204 1061 349 1122 benedicti
370 1062 479 1134 vivere,
504 1074 560 1132 quo
581 1059 703 1118 nominis
724 1061 768 1117 tui
787 1061 961 1120 sacrosancti
981 1061 1087 1135 gloria,
1111 1059 1289 1120 subditorum
1308 1072 1366 1132 pro·

205 1164 306 1240 lectus,
329 1181 393 1224 mea
415 1168 445 1224 et
466 1165 564 1224 uxoris
584 1169 613 1224 et
630 1163 739 1239 filiolae,
764 1171 849 1238 quam
869 1165 982 1240 dedisti,
1007 1170 1036 1224 et
1054 1161 1226 1246 liberorum,
1251 1179 1319 1238 quos
1337 1161 1367 1220 de

205 1273 334 1332 bonitate
349 1275 400 1330 tua
419 1270 528 1330 donare
547 1273 623 1344 potis
644 1287 684 1346 es,
709 1271 786 1334 salus
804 1268 873 1329 hinc
892 1272 1015 1345 eveniat,
1039 1271 1195 1330 clementer
1214 1269 1313 1342 largiri
1331 1267 1367 1326 di·

206 1379 302 1452 goeris
317 1377 464 1451 deprecor.
481 1376 587 1448 'idque
602 1381 640 1450 te,
664 1359 749 1450 peter
768 1375 901 1449 eoelestis,
925 1393 978 1450 per
999 1363 1063 1434 eum
1083 1391 1165 1449 rogo,
1190 1375 1236 1434 cui
1253 1379 1367 1448 potesta-

205 1489 263 1543 tem
278 1485 308 1542 in
324 1482 396 1542 coelo
416 1488 447 1540 et
465 1483 495 1540 in
513 1479 594 1540 terra
612 1481 821 1555 contradidisti,
844 1481 989 1540 dominum
1008 1487 1037 1540 et
1051 1481 1238 1542 liberatorem
1251 1485 1368 1539 nostrum

205 1589 305 1648 lesum
326 1586 479 1661 Christum,
503 1602 567 1646 eum
587 1603 644 1660 qno
664 1587 717 1647 tibi
737 1592 767 1646 et
786 1603 809 1646 s.
826 1587 928 1661 spiritu
948 1587 985 1646 sit
999 1587 1073 1661 laus,
1096 1586 1188 1647 honos
1205 1591 1235 1647 et
1245 1584 1368 1660 jubilatio

208 1696 433 1768 inperpetuum.
463 1691 565 1751 Διιιθιι.

294 1798 366 1856 Post
385 1797 556 1874 concionem¹
567 1797 694 1856 loannes
714 1795 805 1858 irater
824 1804 855 1858 et
874 1813 937 1873 ego,
961 1797 1040 1858 dubii
1060 1797 1129 1872 quid
1148 1799 1181 1856 in
1196 1797 1310 1870 negotio
1324 1809 1367 1852 no-

206 1909 266 1962 stro
281 1907 427 1977 ageretur,
451 1904 529 1976 quod
544 1903 654 1975 aliquot
668 1903 777 1962 vicibus
791 1903 991 1973 Atrebatensis
1005 1905 1036 1963 in
1052 1902 1256 1979 respondendo
1271 1899 1368 1974 amphi-

205 2009 321 2082 bologia
343 2024 411 2066 usus
431 2008 477 2081 sit,
502 2021 565 2065 cum
587 2013 683 2066 tamen
705 2025 752 2067 res
772 2009 950 2082 apertissima
969 2009 1060 2083 tropis
1082 2025 1153 2081 opus
1173 2025 1234 2069 non
1252 2006 1368 2066 haberet.

206 2114 305 2172 Visum
320 2117 417 2176 autem
432 2117 476 2171 est
490 2113 582 2185 nobis,
606 2117 639 2171 ut
652 2113 763 2186 Viglius
783 2095 993 2174 conveniretur.
1025 2115 1053 2172 Is
1073 2113 1154 2174 nobis
1173 2113 1241 2172 heri
1259 2113 1369 2188 primm

205 2218 426 2278 Atrebatensem
448 2221 576 2276 noemam
598 2223 627 2276 et
649 2219 721 2278 alias
747 2219 936 2294 privatorum,
960 2225 993 2278 ut
1015 2220 1070 2295 ipsi
1091 2219 1257 2292 nominant,
1280 2227 1369 2275 causas

206 2327 307 2384 caesari
325 2325 356 2382 in
375 2325 529 2398 praesentia
548 2323 634 2398 Viglii
655 2330 685 2384 et
703 2330 863 2384 ceterorum
883 2325 1110 2385 consiliariorum
1125 2340 1190 2384 cum
1205 2303 1369 2398 expositione

207 2435 237 2488 et
252 2431 434 2492 excusatione
449 2430 626 2504 singulorum
641 2430 783 2503 retulisse,
800 2409 908 2504 ajebat
937 2421 1087 2491 Habuisse'
1096 2446 1211 2518 quoque
1227 2441 1311 2502 super
1323 2423 1370 2482 boc

207 2537 365 2611 consilium,
389 2537 441 2596 sed
456 2537 582 2596 nondum
597 2551 733 2596 cesarem
746 2552 778 2595 se
792 2536 953 2595 resolvisse.
983 2535 1034 2620 Ait
1055 2551 1169 2609 quoque
1183 2541 1311 2596 nostrum
1325 2543 1368 2586 υθ-

207 2641 319 2715 goeium
333 2643 365 2700 in
378 2642 422 2701 his
437 2642 602 2712 cardinibus
617 2641 737 2717 versari,
755 2641 833 2724 quod
847 2641 872 2700 si
885 2643 1042 2715 imperator
1057 2641 1290 2714 capitulationem
1303 2637 1370 2694 inter

207 2761 288 2805 suam
308 2748 489 2820 maiestatem
509 2753 539 2806 et
558 2745 705 2807 Cattorum
725 2748 892 2821 prinoipem,
916 2751 1055 2819 quantum
1074 2761 1127 2804 nos
1148 2747 1310 2814 concernat,
1329 2751 1370 2796 rt·

207 2855 267 2910 tam
287 2852 394 2912 habere
415 2853 503 2925 velit,
522 2867 573 2911 nos
595 2852 681 2910 eximi
702 2852 832 2925 imperio.
871 2851 921 2910 Sin
940 2855 1036 2910 eutem
1058 2855 1149 2910 totam
1169 2840 1368 2925 reprobaverit,

207 2954 388 3030 landtgravio
410 2957 441 3015 in
462 2956 642 3028 possessione
665 2973 717 3015 sua
739 2957 876 3030 iniuriam
898 2954 971 3019 fieri.
1011 2954 1081 3015 Cum
1100 2953 1234 3014 Eubulus
1257 2950 1367 3012 diceret:

208 3059 459 3146 Dominedoctor,
482 3065 627 3132 utcunque
647 3076 678 3118 se
698 3076 745 3120 res
766 3061 881 3136 habeat,
904 3065 1001 3120 tamen
1022 3061 1117 3144 vocati
1139 3076 1158 3119 a
1180 3051 1369 3120 commissoriis

209 3155 340 3224 ce'esareae
362 3164 525 3237 majestatis-
541 3163 643 3222 iisdem
665 3165 857 3226 obedientiam
877 3168 1071 3240 praestitimus.
1109 3165 1149 3225 Et
1171 3172 1264 3239 recte,
1287 3157 1370 3232 inquit

209 3269 329 3356 Viglius.
360 3268 435 3327 Nam
455 3269 510 3328 nisi
528 3269 559 3328 id
579 3285 597 3328 a
616 3270 696 3330 vobis
715 3270 821 3332 laetum
841 3271 952 3347 fuisset,
973 3273 1033 3345 jam
1051 3272 1186 3330 maximis
1201 3273 1232 3330 iu
1247 3263 1370 3345 periculis

210 3382 239 3436 et
252 3392 304 3436 vos
325 3381 354 3435 et
372 3391 420 3436 res
439 3379 542 3444 vestrae
562 3373 665 3435 forent.
698 3377 764 3452 Sed,
787 3378 889 3452 inquit,
911 3378 994 3436 brevi
1012 3379 1171 3452 imperator
1190 3375 1226 3434 dc
1241 3367 1368 3447 capitula-

209 3484 287 3542 tione
303 3487 333 3542 et
346 3482 410 3546 aliis
430 3481 557 3559 articulis
579 3499 610 3542 se
630 3483 808 3542 resoluturus
829 3489 880 3542 est.
911 3484 1109 3556 Interrogatus
1129 3485 1232 3554 autem
1257 3491 1320 3538 num
1334 3469 1370 3530 illi

209 3589 369 3647 consultum
388 3587 544 3662 videretur,
566 3587 652 3648 hodie
671 3589 749 3663 apud
767 3587 989 3652 Atrebateusem
1010 3587 1175 3660 sollicitare,
1199 3583 1312 3654 suadeo,
1334 3579 1370 3636 in·

210 3693 281 3764 quit,
304 3692 359 3751 boe
381 3692 427 3750 dia
450 3693 594 3768 idipsum
616 3696 775 3756 intermitt'.
815 3693 883 3753 Non
905 3695 980 3778 enim
1003 3699 1062 3752 tam
1082 3694 1139 3752 cito
1162 3690 1298 3752 resolutio
1317 3681 1369 3750 fiet

209 3793 338 3854 indicans
353 3801 495 3869 praeterea
509 3798 591 3864 brevi
607 3799 701 3858 omnia
716 3799 847 3858 absoluta
865 3797 910 3856 iri.
959 3779 961 3785 '
1450 3855 1451 3864 ,

298 3899 385 3958 Venit
400 3897 519 3959 Carolus
534 3918 552 3960 ιι
567 3899 700 3961 Stoekem
716 3905 816 3968 eadem
830 3901 891 3962 lere
910 3918 928 3962 a
949 3901 1115 3965 doctoribus
1134 3900 1234 3960 Heseu
1254 3903 1282 3956 et
1300 3889 1370 3952 nar-
1450 3913 1451 3926 ι

211 4003 322 4076 quardo
337 4020 368 4063 se
382 4006 527 4080 accepisse
541 4001 681 4078 inquiens.
1026 4083 1028 4092 y
1067 4067 1068 4072 ,
1450 3987 1451 4002 ³

191 4123 197 4134 ·
298 4110 453 4168 Mauritius
471 4109 577 4168 elector
592 4109 678 4168 bodie
693 4115 759 4184 post
773 4095 927 4170 secundam
943 4111 1044 4184 noetis,
1064 4111 1131 4170 licet
1145 4111 1250 4170 multos
1264 4113 1370 4178 magns·

209 4219 253 4272 tes
274 4215 312 4273 ad
329 4205 506 4289 jentaculum
524 4215 682 4290 invitasset,
707 4203 872 4289 surreptitie
892 4231 956 4274 cum
978 4218 1083 4291 paucis·
1099 4216 1179 4290 abiit,
1203 4231 1265 4275 cum
1284 4218 1370 4270 tamen

210 4320 241 4376 in
255 4320 373 4378 multam
388 4319 463 4379 diem
477 4321 564 4381 aulici
580 4327 608 4382 et
623 4323 752 4397 supellex
767 4321 910 4381 subsecuti
926 4323 991 4382 sint.
1127 4305 1129 4310 ⁸

298 4423 408 4484 Eadem
423 4413 601 4487 Coloniensis
615 4427 846 4503 archiepiscopus
861 4429 956 4486 comiti
969 4443 987 4487 a
1002 4425 1117 4486 Nassau
1131 4425 1264 4499 querelas
1277 4416 1369 4479 civium
