2966 4900
647 375 649 381 V
694 269 757 339 231

215 449 245 510 A
258 466 353 515 coeua
368 453 469 514 Joatus
484 451 573 528 Sophi
593 450 766 513 aWimaria
781 467 916 514 reversus
936 453 1018 516 nobis
1040 455 1146 530 scripta
1160 453 1217 514 dno
1232 455 1311 514 exhi-

128 556 197 632 buit,
213 574 309 617 unum
325 559 458 634 Philippi
470 557 665 618 Melanthnnis
680 574 767 632 super.
781 560 909 635 interim,
925 561 1045 619 alterum
1056 559 1312 634 casparisaqnilae

127 662 295 737 parooldin
312 663 458 739 Selaeldt,
483 667 563 739 cujus
582 664 649 724 libri
671 670 870 738 argumentum
891 669 951 740 est,
976 665 1053 740 quod
1077 664 1252 726 confitendus
1275 667 1313 724 sit

32 813 34 840 ,
129 766 261 834 onustus
278 774 391 829 comma
406 768 677 842 diabolitenebraS,
693 768 830 828 mundum
852 772 882 826 et
896 769 1018 831 iuterim.
1056 769 1096 830 Et
1117 770 1179 828 haeo
1192 769 1253 828 dies
1269 775 1312 829 est

128 886 214 945 nona,
232 871 319 944 quod
333 873 422 934 avide
437 879 467 934 et
481 874 565 936 cumo
580 871 641 934 iere
656 874 750 932 animo
766 873 897 934 nanuum
911 889 927 934 e
942 875 1037 950 patria
1053 879 1243 949 expectamus.

215 976 303 1036 idem
320 977 342 1036 J
343 981 424 1040 estus
439 978 519 1053 dixit,
536 993 649 1036 socrum
664 991 699 1036 ec
714 982 798 1036 nocte
811 990 869 1038 non
884 978 1099 1056 expectandam.

212 1079 357 1149 ‚Gothart
371 1082 406 1154 Q„
420 1082 474 1142 der
486 1083 553 1142 hart
567 1081 615 1142 boi
630 1079 700 1141 Gott
713 1081 839 1142 arnhelt.

202 1185 356 1259 ,xiiJulii
371 1185 425 1248 sub
440 1202 545 1248 nonam
560 1185 815 1248 antemeridianam
836 1185 952 1248 domina
973 1188 1009 1248 de
1023 1185 1192 1246 Wiideniels
1208 1191 1237 1246 et
1251 1184 1311 1246 filia

129 1289 190 1362 ejus
213 1290 397 1366 Margareta
416 1290 528 1364 abiere,
551 1307 622 1365 quas
644 1306 717 1349 uxor
741 1295 771 1349 et
789 1306 843 1364 ego
865 1291 975 1363 aliquot
998 1291 1098 1350 stadiis
1119 1287 1311 1353 aRudelstad

128 1395 260 1457 cominu
275 1412 388 1459 sumna
726 1445 728 1450 .
1285 1403 1287 1408 ’

217 1499 341 1560 Eadem
363 1515 427 1560 oum
447 1501 508 1574 jam
532 1517 550 1559 a
576 1500 659 1559 nobis
681 1500 849 1574 conscriptae
878 1500 969 1561 literae
997 1507 1093 1562 essem
1116 1507 1147 1560 et
1164 1501 1310 1562 Adrianus

129 1607 232 1665 noster
255 1606 299 1665 ad
323 1606 380 1664 iter
403 1621 434 1664 se
454 1605 746 1679 accumularetur,
772 1605 825 1666 sub
846 1603 999 1680 prandium
1019 1607 1068 1682 qni
1088 1622 1176 1680 equos
1196 1609 1311 1682 quadri·

130 1722 235 1780 aarum
258 1709 442 1782 adducerent
460 1710 614 1775 vomebant
636 1711 719 1772 nebu
733 1709 846 1770 litteras
861 1710 897 1770 de
912 1715 990 1772 statu
1004 1711 1152 1784 religionis
1169 1708 1180 1746 ¹
1203 1717 1310 1772 nocuae

131 1809 313 1880 deferentes.
350 1814 551 1889 apportarunt
565 1820 595 1876 st
608 1813 740 1886 fornaces
759 1812 870 1877 ferreos
885 1831 950 1887 sax,
973 1830 1095 1886 quorum
1111 1817 1168 1876 duo
1182 1817 1309 1878 loannes

132 1915 312 1990 wilhelmus
327 1919 423 2004 ¹Fuclrs
437 1921 560 1990 alterum
580 1919 670 1996 douo,
693 1919 818 1980 alarum
836 1936 890 1996 pro
912 1922 954 1980 24
976 1921 1095 1982 thaleris
1115 1928 1240 1996 emptum
1262 1938 1308 1982 ac-

132 2024 219 2096 cepit.
244 2025 381 2097 Quatnor
395 2025 500 2098 reliqui
514 2023 694 2086 socrnidono
705 2040 811 2086 venere
826 2025 936 2100 majore
949 2023 1050 2088 fenore
1065 2029 1210 2102 compensi
1225 2044 1311 2101 qnam

133 2129 362 2200 mquamuoudi
376 2136 500 2202 possam
1003 2109 1007 2116 ’

210 2233 301 2297 ‚Post
315 2234 429 2297 tertiam
450 2234 675 2308 pomeridianam
695 2233 811 2294 domina
833 2250 934 2296 socrus
949 2236 1082 2296 comitata
1095 2253 1115 2294 a
1128 2234 1241 2298 filiabus
1254 2236 1311 2298 Aa·

134 2335 214 2398 milia
228 2338 517 2404 salmanansar
531 2337 622 2402 fratre
636 2355 689 2398 sno
710 2354 847 2413 germem
863 2337 988 2426 θωπείᾳ
1001 2339 1126 2400 Ernesto
1141 2339 1178 2398 ab
1193 2340 1309 2400 Henne-

134 2435 282 2514 bergnec
296 2459 353 2528 non
373 2441 489 2504 doctore
503 2443 662 2514 Melchicre
682 2443 720 2507 ab
741 2443 813 2505 Ossa
833 2447 862 2502 et
883 2443 1005 2516 conjuge
1026 2459 1079 2501 sna
1093 2443 1310 2505 Rudelstadium
1388 2513 1400 2524 ,

134 2559 258 2609 sermea
277 2551 331 2612 est.
370 2546 486 2630 Gallum
498 2553 595 2606 antam
609 2547 765 2610 Peritaeum
778 2547 918 2620 praemisit
940 2563 997 2620 quo
1012 2562 1065 2608 nos
1085 2562 1183 2606 earnm
1203 2563 1308 2621 rerum,

128 2665 199 2721 «qnae
214 2652 365 2716 wsmarie
380 2656 534 2715 transactae
547 2659 642 2728 erant,
654 2654 794 2722 certiores
808 2653 921 2714 reddat.

224 2758 465 2826 Paullulumanta
476 2763 610 2831 quartam
618 2758 737 2820 suborta
751 2762 796 2816 est
805 2757 937 2830 quadam
947 2760 1103 2831 tempestas
1113 2756 1199 2816 cascia
1212 2759 1309 2830 vento,

127 2863 282 2934 grandine
297 2868 327 2924 et
339 2863 439 2938 pluvia
453 2879 517 2926 cnm
532 2865 611 2925 socio
630 2879 682 2925 suo
707 2867 778 2934 uoto
792 2861 944 2934 saeviente,
973 2859 1201 2923 mterboantibus
1215 2860 1307 2920 horri-

137 2965 192 3028 bili.
201 2969 303 3034 sonitu
316 2970 465 3043 mnium,
489 2970 539 3042 qni
554 2969 661 3042 passim
675 2967 771 3028 uineta
786 2973 815 3036 et
828 2966 971 3031 nordeum
982 2966 1070 3040 lesit,
1092 2966 1142 3026 sed
1157 2967 1199 3028 ita
1213 2971 1310 3026 nmen

137 3075 171 3134 nt
188 3073 387 3147 benignissimi
406 3074 497 3148 patris
520 3074 611 3132 nostri
632 3072 760 3134 coelmtis
778 3071 958 3135 comminatio
981 3073 1076 3146 potius
1099 3076 1129 3130 et
1141 3069 1308 3143 admonitio,

138 3192 225 3248 (leem
246 3178 407 3252 indignatio
425 3179 481 3242 ire*
497 3177 711 3250 ostenderetur,
736 3177 787 3250 qui
805 3192 938 3239 noanon
958 3177 1049 3236 solnm
1071 3173 1197 3236 salvifico
1219 3174 1308 3234 verbo

139 3296 189 3348 sno
203 3281 258 3345 sed
267 3288 302 3344 :at
315 3286 459 3350 maurum
473 3281 677 3345 elementorum
691 3282 848 3345 mutatione
863 3286 1029 3343 commovet
1168 3361 1170 3368 Ι

144 3435 145 3440 ,
175 3449 178 3454 ,
226 3385 353 3447 domna
373 3386 474 3457 dcetlu
494 3385 635 3446 Melchior
654 3386 690 3451 de
706 3385 831 3453 Ossaet
844 3386 999 3446 Wolradus
1020 3384 1056 3450 de
1071 3383 1157 3444 robus
1170 3380 1307 3454 Augmtae

139 3492 256 3555 auset
271 3491 307 3553 de
322 3507 409 3560 cauea
421 3489 491 3552 filiae
505 3507 564 3550 suae
578 3491 701 3551 invicem
714 3489 987 3550 sermocinabantur.

159 3643 161 3651 .
227 3595 370 3660 volebant
393 3596 507 3670 quidem
530 3595 663 3669 princeps
690 3599 721 3656 at
740 3609 835 3655 comes
859 3590 1065 3664 aHenneberg
1083 3588 1223 3662 Georgius
1251 3586 1307 3648 Er-

140 3706 238 3763 uatus
253 3706 283 3760 at
301 3701 401 3763 doctor
416 3701 557 3765 Melchior
571 3699 695 3774 amdam
710 3699 885 3766 authoritate
899 3714 933 3758 ac
947 3696 1089 3772 gravitate
1104 3711 1152 3770 ca,
1168 3708 1232 3768 qnae
1247 3691 1309 3754 Wi-

139 3806 237 3866 marioe
251 3809 397 3872 numana
412 3812 505 3882 erant,
519 3807 601 3871 nobis
613 3821 783 3881 proponere,
799 3804 851 3866 sed
866 3804 982 3868 domina
993 3820 1093 3876 socrus
1104 3802 1175 3865 mihi
1189 3799 1308 3864 seorsim

140 3910 253 3985 anguls
266 3911 395 3972 indicare
411 3912 520 3975 maluit.

163 4065 165 4068 .
226 4014 276 4088 xiij
290 4015 363 4077 iulii
378 4016 492 4080 arciter
507 4021 616 4080 sexum
635 4032 720 4076 mane
734 4031 832 4082 sonus
852 4033 904 4078 noa
923 4018 962 4078 ad
976 4035 1007 4078 se
1022 4016 1135 4077 uocauit
1153 4017 1183 4078 et
1197 4011 1247 4084 qui
1259 4023 1308 4066 ras

140 4118 288 4183 Wimariae
300 4126 428 4196 peractae
443 4127 551 4197 ament,
568 4121 668 4188 ordine
684 4122 827 4197 exposuit,
844 4122 981 4185 sunteas
995 4121 1078 4182 uobis
1091 4123 1122 4178 et
1135 4116 1258 4188 litteras,
1275 4120 1308 4173 ut

716 4258 733 4294 t

218 4343 230 4390 l
251 4340 386 4408 regionis?
