3028 4894
710 311 751 377 tu

24 560 35 571 st
54 563 74 574 ..
230 495 386 566 Memento,
402 497 486 567 pater
504 495 637 568 eoelestis,
650 494 787 555 bonitatis
803 498 860 553 tuae
879 493 1023 554 immensae
1039 498 1068 553 et
1085 492 1247 556 afflictionis
1265 511 1315 556 uo·

24 623 42 681 5..
53 642 73 682 n
133 606 219 674 strae,
235 601 368 658 ιιιιιιιιιιίιι
380 617 475 674 genna
491 601 570 674 erige
585 605 614 660 et
628 617 680 660 nos
693 597 802 671 infide,
818 601 920 658 timore
936 603 965 658 et
980 616 1077 660 amore
1091 603 1135 660 tui
1149 601 1314 661 corrobora.

35 763 72 788 'ffi-
231 706 299 778 xviij
315 705 424 779 Aprilis
439 722 549 767 summo
564 723 649 766 mune
664 706 798 766 Liborius
813 705 1038 780 Marquardum,
1061 705 1204 765 Melchior
1219 707 1317 765 Hasen

23 838 65 895 ΗΕ
135 810 275 870 ἀοιιοιιε
289 812 449 870 consultum
464 812 571 872 abiere.
611 813 704 886 Hujus
723 811 870 871 consilium
886 807 949 884 init,
972 816 1005 870 ut
1019 810 1240 871 Atrebateusem
1255 810 1316 869 adi·

135 932 238 975 remus
259 931 294 976 ac
313 921 508 991 tentaremus,
539 934 577 977 an
594 919 687 992 ipsum
712 916 894 976 archiducem
914 933 1010 976 coram
1032 917 1139 991 alloqui
1160 932 1317 992 possemus.

23 1009 68 1109 ffiss.
135 1022 216 1082 Item
225 1021 545 1102 regemFerdinandum
557 1021 881 1096 alloquendumanobis
891 1039 963 1098 esse,
979 1041 1037 1085 non
1046 1030 1142 1085 amen
1152 1024 1194 1083 illi
1203 1022 1316 1082 consul·

33 1119 66 1212 j,
136 1133 204 1186 tum
218 1127 323 1202 videri,
349 1133 382 1186 ut
400 1132 468 1186 ante
482 1145 567 1187 numu
584 1134 635 1188 aut
649 1131 772 1188 alterum
786 1130 861 1190 dem
884 1147 937 1204 pro
951 1146 1089 1206 responso
1105 1131 1315 1190 sollicitaretur.

38 1281 65 1321 ΕΞ
135 1232 220 1292 Nam
233 1232 413 1292 archiducem
428 1233 567 1306 quidquid
581 1251 634 1308 per
648 1235 812 1296 Waldecios
827 1238 934 1310 scripto
949 1236 1076 1296 oblatum
1091 1237 1138 1308 sit,
1154 1251 1240 1308 quum
1254 1234 1314 1307 pri·

137 1356 220 1398 mum
234 1337 381 1399 commode
396 1337 459 1398 fieri
473 1340 578 1413 possit,
601 1356 733 1399 caesareae
748 1342 890 1414 majestati
905 1344 1071 1402 relaturum.
1104 1343 1230 1402 llasonis
1245 1351 1315 1414 qus·

28 1475 63 1534 :h
139 1460 200 1516 que
217 1445 365 1503 consilium
380 1448 457 1518 erat,
474 1460 512 1502 ne
526 1447 585 1504 tam
600 1446 732 1504 celeriter
746 1463 914 1520 responsum
929 1451 1100 1520 peteremus.

23 1631 26 1642 ,
55 1611 61 1636 .-
232 1549 343 1609 Eadem
357 1548 502 1609 Adrianus
517 1567 535 1608 a
551 1551 673 1610 Zertzen
687 1550 805 1610 remotis
827 1551 944 1610 arbitris
966 1568 1018 1611 nos
1039 1552 1203 1626 alloquens,
1228 1552 1316 1625 venit,

25 1693 60 1731 ,ff
138 1655 273 1714 tonitrna
288 1655 429 1714 minarum
452 1673 488 1715 ex
503 1671 553 1715 ore
576 1655 622 1733 (ut
642 1657 705 1730 ipse
725 1653 833 1731 ajebat)
854 1655 985 1716 Mauritii
1000 1656 1132 1716 electoris
1154 1661 1183 1716 et
1203 1655 1317 1716 Alberti

24 1812 54 1853 ᾖ
139 1759 316 1820 marchionis
333 1760 465 1820 afferens.
497 1761 566 1834 Quae
582 1761 705 1835 dicebat,
721 1759 782 1822 fere
798 1761 935 1836 ejusmodi
951 1765 1042 1834 erant,
1058 1761 1227 1821 Mauritium
1242 1762 1317 1821 elec-

138 1873 238 1925 torem
251 1866 345 1924 multis
364 1865 545 1926 audientibus
561 1865 679 1960 dixisse:
703 1866 780 1925 Num
795 1868 881 1926 etiam
896 1866 1017 1927 Wolrad
1031 1883 1125 1928 comes
1142 1885 1159 1928 a
1174 1865 1317 1928 Waldech

141 1969 246 2032 adest?
261 1971 303 2030 Ac
314 1971 363 2030 uhi
372 1971 518 2032 Adrianus
529 1971 724 2046 respondisset
740 1973 821 2077 »Imo
836 1972 949 2047 adest«,
965 1973 1134 2033 Mauritium
1149 1973 1267 2032 dixisse:
1285 1972 1316 2031 Si

141 2095 179 2136 ea
199 2083 425 2152 perpetrassem,
450 2094 514 2150 qnae
537 2078 632 2138 comiti
651 2078 718 2136 huic
732 2079 923 2153 intentantur,
948 2095 985 2138 ne
1005 2079 1120 2138 termini
1135 2078 1250 2152 quidem
1263 2078 1316 2136 im-

140 2183 220 2258 perii
232 2182 302 2241 mihi
316 2185 385 2242 satis
400 2184 487 2257 ampli
502 2189 610 2258 essent,
633 2183 711 2242 intra
726 2183 779 2242 hos
798 2186 870 2244 iram
886 2184 1008 2244 Caesaris
1028 2191 1193 2260 expectare,
1217 2185 1247 2242 et
1261 2184 1317 2244 nisi

140 2288 284 2363 peculiari
299 2289 377 2347 salvo
394 2289 536 2348 conductu
550 2290 696 2361 provisum
711 2289 749 2348 sit
763 2292 867 2364 comiti,
885 2291 1043 2350 consultum
1059 2291 1101 2348 illi
1115 2291 1210 2364 velim,
1235 2291 1318 2349 citius
1376 2363 1383 2386 ι

142 2411 175 2455 se
190 2393 257 2452 hinc
272 2395 428 2467 arriperet3
451 2398 537 2466 atque
552 2393 597 2451 his
611 2394 707 2454 verbis
730 2394 804 2454 adeo
818 2401 978 2469 permotam
1000 2393 1089 2453 fnisse
1103 2394 1317 2467 Lantgraviam,

142 2505 177 2558 ut
190 2499 352 2559 Adrianum
367 2499 455 2558 amice
468 2505 608 2574 rogasset,
625 2505 741 2560 curaret
755 2505 786 2559 ut
801 2517 886 2573 quam
901 2501 979 2558 ocius
994 2501 1057 2558 haec
1070 2500 1177 2559 rescire
1191 2513 1316 2573 possem.

23 2595 24 2600 ’
142 2605 198 2664 His
215 2604 320 2664 auditis
336 2604 428 2678 primo
443 2605 572 2663 nonnihil
587 2605 681 2664 auimo
697 2605 840 2665 turbatior
855 2603 945 2666 fretus
961 2621 1033 2680 sum,
1049 2603 1139 2664 fretus
1154 2610 1251 2663 tamen
1265 2604 1320 2662 Dei

23 2775 30 2792 ,ι
143 2711 275 2772 bonitate
290 2726 326 2798 ao
337 2709 428 2770 libera
444 2711 616 2770 conscientia
629 2712 682 2770 bas
697 2713 789 2770 minas
804 2713 975 2786 contempsi,
999 2711 1177 2785 respondens
1192 2707 1320 2769 Adriano

23 2805 28 2882 s
143 2817 217 2875 mihi
230 2833 289 2875 non
303 2815 420 2888 probari
436 2816 567 2875 electoris
583 2818 749 2890 consilium,
774 2833 873 2876 uerum
897 2835 942 2877 me
965 2821 1163 2892 experturum,
1188 2816 1319 2891 quisnam

23 2905 27 2916 ’
58 3004 68 3018 ἱ
146 2922 201 2994 sit,
226 2922 275 2993 qui
290 2920 359 2978 mihi
374 2922 403 2979 in
423 2919 525 2979 faciem
547 2920 728 2990 malefactum
752 2922 869 2995 aliquod
884 2924 1026 2984 intentare
1041 2923 1155 2982 audeat.
1195 2923 1321 2982 Hortatu

145 3033 245 3085 umen
257 3025 379 3084 Adriani
393 3029 524 3086 comitem
539 3043 556 3085 a
571 3026 685 3087 Nassau
700 3027 767 3102 adii,
785 3031 833 3101 qui
848 3031 878 3089 in
891 3028 1011 3088 eandem
1025 3044 1134 3089 meeum
1149 3030 1319 3090 sententiam

146 3129 269 3204 pedibus
285 3131 359 3204 ibet,
377 3131 474 3204 sicque
488 3148 535 3191 res
550 3135 637 3207 paulo
652 3133 809 3194 sedatiores
823 3135 893 3193 visae
908 3139 983 3194 sunt.

237 3235 293 3310 Da,
312 3234 424 3294 domine
439 3237 519 3310 Jesu‚
535 3239 711 3298 voluntatem
725 3246 834 3298 rectam
850 3246 880 3299 et
893 3241 984 3299 vires!

238 3339 348 3399 Eadem
385 3356 478 3401 comes
505 3359 523 3401 a
546 3342 738 3416 Wigtanstein
773 3347 888 3406 nomine
923 3345 1128 3420 archiepiscopi
1157 3347 1324 3407 trevirensis

149 3443 273 3503 Joannis
285 3444 322 3506 ab
336 3445 485 3522 Isenburg,
509 3453 542 3506 ιιι
556 3449 595 3507 ad
609 3450 709 3510 horam
723 3451 852 3524 quintam
868 3465 958 3509 coenae
976 3451 1065 3523 ipsius
1083 3452 1222 3509 interesse
1236 3435 1323 3508 selle·

148 3565 223 3622 mus,
238 3555 330 3623 rogat.

239 3655 350 3716 Eadem
374 3657 504 3716 comitem
527 3657 572 3717 ab·
587 3658 740 3718 Eberstein
762 3661 792 3715 et
812 3659 981 3717 avunculum
1005 3664 1135 3719 nostrum
1156 3659 1287 3719 comitem
1306 3675 1325 3717 a

153 3758 313 3819 Wertheim
328 3759 447 3835 Georgii
468 3760 558 3820 filium
578 3765 768 3824 convenimus.
808 3761 943 3823 Videmus
964 3763 1147 3826 Wilhelmum
1169 3765 1205 3826 de
1220 3762 1324 3825 Grum-

152 3863 226 3923 bach
242 3868 271 3924 et
285 3863 462 3926 Hermanum
478 3868 513 3927 de
528 3868 729 3942 Ameluugseu.

242 3968 364 4036 Volebat
378 3971 523 4031 Adrianus
545 3974 713 4049 aZertzen,
737 3979 770 4032 ιιι
791 3972 934 4034 dominam
948 3976 1107 4052 principem
1127 3978 1324 4050 convenirem3

154 4079 186 4134 at
207 4073 285 4147 quod
308 4075 401 4134 adhuc
426 4076 478 4135 sub
500 4079 637 4138 concione
658 4094 741 4139 sacra
763 4079 869 4140 ibidem
889 4085 981 4154 esset,
1005 4079 1043 4140 ad
1063 4082 1218 4155 hospitium
1232 4096 1326 4141 meum

154 4177 268 4241 diverti.

244 4283 436 4346 Licentiatum
450 4286 602 4346 Nicolaum
616 4288 712 4349 Maier
732 4289 854 4362 prandio
877 4289 1038 4361 excepimus
1054 4303 1118 4348 cum
1133 4304 1168 4350 eo
1183 4294 1212 4350 et
1226 4290 1325 4350 amici-

156 4388 226 4448 tiam
239 4390 370 4451 ineuntes
385 4393 491 4465 atejus
507 4393 626 4454 consilio
642 4392 830 4455 saluberrimo
845 4394 898 4454 usi.

201 4505 315 4550 waldach.
1093 4501 1113 4554 2
1191 4491 1198 4506 ⁸
