3028 4894
276 1151 456 1239 Duodecimn
476 1177 577 1237 Martii
596 1175 724 1237 exhibita
743 1181 788 1236 est
808 1175 907 1236 citatio
923 1174 1020 1235 Caroli
1047 1177 1144 1249 Quinti
1164 1177 1286 1239 casaris
1305 1179 1365 1239 Au-

185 1287 277 1361 gusti,
297 1301 355 1358 qua
369 1283 461 1342 dictus
477 1282 578 1342 Comes
587 1283 743 1344 Wolradns
758 1281 795 1342 ob
808 1281 1015 1341 malevolorum
1028 1281 1165 1342 invidiam
1180 1285 1284 1343 citatus
1300 1283 1364 1344 luit.

275 1389 306 1462 iij
322 1388 431 1463 Aprilis
454 1386 613 1448 Corbaohio
634 1386 756 1463 proiecti
775 1386 881 1446 ibidem
902 1387 1019 1445 comites
1039 1388 1205 1462 Philippum
1221 1390 1366 1463 juniorem

187 1502 218 1555 et
236 1495 378 1555 loannem
397 1491 503 1553 fratres
519 1498 548 1551 et
563 1499 694 1566 nepotem
710 1492 920 1567 prestolantes.
957 1491 1045 1549 stit
1067 1489 1197 1551 Christus
1213 1498 1272 1567 opt.
1289 1509 1364 1554 max.

188 1605 221 1658 ut
235 1598 331 1660 lausto
347 1600 405 1659 sint
419 1599 530 1658 omnia!

276 1705 305 1763 iv
319 1704 427 1780 Aprilis
442 1702 593 1778 Philippus
608 1707 638 1762 et
652 1702 779 1762 loannes
794 1701 900 1762 fratres
911 1705 1002 1762 nostri
1018 1707 1048 1780 et
1057 1703 1172 1762 Samuel
1186 1719 1274 1780 nepos
1289 1704 1364 1764 Her·

186 1825 323 1870 mannum
337 1826 356 1869 a
370 1808 622 1883 Wolmerkhusen,
637 1808 779 1868 loannem
793 1807 993 1882 Milchlingum
1008 1825 1026 1867 ιι
1039 1808 1198 1870 Schonsted
1213 1811 1370 1886 senioremp

186 1915 345 1975 Henrioum
364 1914 484 1973 nothum
504 1929 522 1971 a
542 1910 692 1988 Waldeck,
717 1913 918 1972 Wendeliuum
939 1911 1155 1988 carbonarium,
1180 1914 1315 1989 Philippo
1336 1921 1365 1975 et

187 2020 296 2080 Joanni
314 2017 452 2080 iratribus
472 2036 490 2078 a
510 2019 639 2093 secretis,
663 2018 861 2079 Hermannum
879 2019 1005 2078 Nellinm
1024 2019 1194 2094 Sperantem
1213 2019 1363 2096 Wolrado,

187 2132 219 2186 et
236 2125 378 2186 Joannem
393 2123 477 2183 Hele
492 2122 626 2199 Philippo
641 2124 748 2184 seniori
767 2123 863 2184 comiti
882 2140 901 2183 a
915 2123 1055 2184 Weldeck
1074 2125 1234 2199 asecretis,
1250 2126 1281 2184 iu
1295 2141 1363 2184 con·

186 2231 283 2290 silium
298 2229 474 2302 adhibentes,
498 2228 534 2287 de
549 2229 624 2289 mole
639 2230 818 2304 negotiorum
834 2245 867 2288 ac
882 2245 920 2289 an
942 2230 1038 2289 comiti
1054 2230 1188 2302 Samueli,
1213 2231 1291 2303 quod
1306 2247 1364 2291 non

185 2336 290 2396 citatus
310 2340 395 2409 esset,
419 2334 489 2393 utile
509 2331 596 2408 foret,
621 2334 768 2394 nobiscum
789 2335 954 2410 Augustam,
969 2331 1120 2408 proficisci.
1155 2334 1247 2395 Nobis
1267 2340 1363 2396 autem

186 2456 245 2500 nou
259 2455 364 2514 parvas
380 2436 417 2497 ob
433 2455 534 2499 causas
550 2439 723 2500 instantibus
738 2446 770 2499 ut
784 2440 861 2500 domi
875 2445 1015 2513 maneret,
1029 2445 1124 2498 tamen
1137 2441 1258 2515 pervicit
1272 2441 1363 2513 putris

185 2547 277 2621 ipsius
296 2551 472 2620 praeceptum
492 2562 526 2606 ac
542 2545 681 2606 Samuelis
696 2546 841 2620 voluntas,
865 2552 898 2605 ut
916 2545 1063 2605 nobiscum
1079 2541 1285 2619 profectionem
1300 2561 1362 2604 sus·

187 2651 306 2726 ciperet.

274 2771 293 2813 v
314 2754 423 2830 Aprilis
446 2754 613 2814 charissima
639 2756 741 2816 relicta
770 2771 860 2816 uxore
887 2756 926 2815 ad
947 2754 1048 2815 Fuldse
1070 2754 1175 2815 vadum
1202 2753 1288 2828 vulgo
1316 2752 1363 2814 die

186 2877 238 2920 zur
252 2858 332 2920 Vhar
353 2859 483 2919 Eubulus
504 2860 664 2934 contendit,
689 2862 737 2921 ubi
759 2861 901 2921 dominam
922 2877 1033 2922 socrum
1053 2877 1072 2920 a
1092 2860 1295 2934 Schwarnburg
1314 2875 1360 2920 re·

188 2965 276 3040 perit,
301 2980 365 3038 qnae
392 2965 526 3024 viaticum
549 2967 578 3025 in
604 2966 707 3026 itinere
727 2973 855 3026 mutuum
882 2967 963 3026 dedit
984 2964 1108 3026 florenos
1132 2965 1217 3026 mille.
1257 2964 1361 3025 Catari

188 3074 284 3130 autem
299 3071 415 3130 comites
430 3071 461 3128 in
475 3070 589 3145 Heyda,
614 3072 681 3131 olim
696 3072 839 3147 virginum
860 3073 1009 3133 vestalium
1030 3071 1175 3146 coenobio,
1199 3067 1362 3145 pemocteti

187 3181 262 3235 sunt.

274 3280 303 3353 vj
319 3279 427 3355 Aprilis
449 3258 579 3341 Eubulus
600 3283 694 3342 socrui
714 3283 787 3342 bene
808 3287 941 3357 precatus
961 3297 1024 3341 eam
1039 3280 1218 3342 Waldeciam
1238 3280 1275 3341 ad
1289 3297 1360 3341 uxo-

186 3401 247 3446 rem
262 3391 293 3446 et
306 3384 394 3446 filiam
410 3386 496 3460 misit,
519 3386 581 3461 ipsc
596 3403 660 3446 cum
675 3388 786 3448 caeteris
802 3389 951 3448 comitibus
965 3385 1145 3446 Marxsnlam
1161 3385 1360 3460 proficiscitur.

275 3491 354 3550 Inter
377 3489 458 3551 Vhar
482 3496 511 3550 et
534 3492 666 3566 Heydam
689 3494 794 3554 Joanni
818 3494 985 3566 Milchliugo
1008 3493 1114 3550 seniori
1140 3495 1170 3548 et
1193 3491 1360 3550 Hermanno

186 3596 281 3657 Nellio
297 3595 432 3672 Speranti
446 3613 542 3656 rerum
558 3598 777 3658 domesticarum
797 3615 830 3657 ac
845 3598 972 3672 regionis
994 3612 1091 3654 curam
1111 3593 1314 3655 commendans
1330 3597 1361 3655 in

186 3701 289 3776 Heyda
303 3717 418 3776 quoque
434 3702 494 3762 dati
510 3708 577 3761 sunt
590 3699 727 3762 fratribus
743 3719 796 3777 per
811 3703 1008 3762 Hermannum
1023 3706 1136 3760 centum
1152 3704 1182 3759 et
1196 3700 1360 3775 sesquicen·

187 3811 248 3866 tum
261 3806 366 3867 thaleri
381 3807 412 3865 in
427 3805 584 3866 subsidium
597 3808 685 3866 annui
698 3807 836 3882 redditus,
848 3809 897 3882 qni
913 3821 990 3866 nunc
1003 3806 1103 3866 matris
1117 3806 1246 3868 vitalitiis
1261 3809 1363 3870 exilior

186 3909 316 3972 redditus
330 3916 384 3970 est.

275 4003 467 4076 Morxsmae'a
482 4016 668 4093 permoneo,
694 4018 740 4078 cui
759 4033 863 4078 nomen
878 4016 945 4078 Otto
961 4016 1125 4090 Schwenok,
1148 4014 1254 4076 hanes
1274 4031 1363 4091 nepos

93 4121 97 4130 '
186 4127 216 4182 et
234 4137 287 4196 ego
308 4121 461 4196 infantem,
486 4138 571 4196 quem
590 4123 632 4182 illi
651 4138 723 4183 uxor
743 4139 796 4182 sua
816 4139 850 4183 eo
870 4122 916 4182 die
936 4126 1119 4197 perpererat,
1144 4136 1263 4181 orooro
1282 4119 1361 4181 tonte
1435 4164 1439 4170 .

172 4227 284 4288 'levare
299 4229 393 4311 rogati
408 4244 513 4287 sumus.
545 4229 640 4289 Puero
656 4245 761 4289 nomen
775 4227 898 4288 inditum
914 4224 1043 4286 Gotthill.

276 4334 313 4407 vij
336 4333 444 4410 Aprilis
464 4352 483 4394 a
501 4333 652 4395 Merxsula
673 4335 841 4409 Meiuingen
863 4330 1072 4407 contendimus,
1096 4347 1153 4405 quo
1174 4347 1237 4390 eum
1258 4343 1360 4407 perve-

187 4437 328 4501 nissemus
348 4455 366 4502 a
386 4440 508 4502 dominis
531 4438 567 4503 de
588 4439 763 4515 Henueberg
783 4435 956 4500 Masleldam
975 4436 1119 4512 accersiti,
1143 4435 1221 4511 apud
1239 4449 1311 4508 quos
1332 4437 1362 4493 et
