<?xml version="1.0" encoding="UTF-8"?>
<!DOCTYPE html PUBLIC "-//W3C//DTD XHTML 1.0 Transitional//EN"
    "http://www.w3.org/TR/xhtml1/DTD/xhtml1-transitional.dtd">
<html xmlns="http://www.w3.org/1999/xhtml" xml:lang="en" lang="en">
 <head>
  <title>
</title>
<meta http-equiv="Content-Type" content="text/html;charset=utf-8" />
  <meta name='ocr-system' content='tesseract 3.04.00' />
  <meta name='ocr-capabilities' content='ocr_page ocr_carea ocr_par ocr_line ocrx_word'/>
</head>
<body>
  <div class='ocr_page' id='page_1' title='image "./desgrafenwolrad01trosgoog_0225.png"; bbox 0 0 2966 4900; ppageno 0'>
   <div class='ocr_carea' id='block_1_1' title="bbox 755 349 823 414">
    <p class='ocr_par' dir='ltr' id='par_1_1' title="bbox 755 349 823 414">
     <span class='ocr_line' id='line_1_1' title="bbox 755 349 823 414; baseline 0.015 -1"><span class='ocrx_word' id='word_1_1' title='bbox 755 349 823 414; x_wconf 84' lang='lat'>210</span> 
     </span>
    </p>
   </div>
   <div class='ocr_carea' id='block_1_2' title="bbox 137 527 1456 3981">
    <p class='ocr_par' dir='ltr' id='par_1_2' title="bbox 137 527 1456 3560">
     <span class='ocr_line' id='line_1_2' title="bbox 200 527 1380 602; baseline -0.004 -12"><span class='ocrx_word' id='word_1_2' title='bbox 200 530 273 590; x_wconf 91' lang='lat' dir='ltr'>illud</span> <span class='ocrx_word' id='word_1_3' title='bbox 291 527 399 591; x_wconf 90' lang='lat' dir='ltr'>factum</span> <span class='ocrx_word' id='word_1_4' title='bbox 420 547 483 590; x_wconf 90' lang='lat' dir='ltr'>esse</span> <span class='ocrx_word' id='word_1_5' title='bbox 502 531 669 591; x_wconf 82' lang='lat' dir='ltr'>inconsultis</span> <span class='ocrx_word' id='word_1_6' title='bbox 689 529 937 591; x_wconf 80' lang='lat' dir='ltr'><strong>concionatoribus</strong></span> <span class='ocrx_word' id='word_1_7' title='bbox 964 531 1095 591; x_wconf 90' lang='lat' dir='ltr'>omnibus</span> <span class='ocrx_word' id='word_1_8' title='bbox 1118 543 1179 590; x_wconf 87' lang='lat' dir='ltr'>uec</span> <span class='ocrx_word' id='word_1_9' title='bbox 1203 529 1249 588; x_wconf 94' lang='lat' dir='ltr'>illi</span> <span class='ocrx_word' id='word_1_10' title='bbox 1270 527 1380 602; x_wconf 92' lang='lat' dir='ltr'>quiden</span> 
     </span>
     <span class='ocr_line' id='line_1_3' title="bbox 200 635 1380 711; baseline -0.003 -16"><span class='ocrx_word' id='word_1_11' title='bbox 200 638 315 696; x_wconf 77' lang='lat' dir='ltr'>interim</span> <span class='ocrx_word' id='word_1_12' title='bbox 335 635 406 695; x_wconf 95' lang='lat' dir='ltr'>illud</span> <span class='ocrx_word' id='word_1_13' title='bbox 421 637 458 696; x_wconf 90' lang='lat' dir='ltr'>ad</span> <span class='ocrx_word' id='word_1_14' title='bbox 473 637 624 711; x_wconf 82' lang='lat' dir='ltr'>legendum</span> <span class='ocrx_word' id='word_1_15' title='bbox 639 635 805 697; x_wconf 83' lang='lat' dir='ltr'>exhibitum.</span> <span class='ocrx_word' id='word_1_16' title='bbox 843 636 891 698; x_wconf 85' lang='lat' dir='ltr'>Ad</span> <span class='ocrx_word' id='word_1_17' title='bbox 912 639 973 696; x_wconf 89' lang='lat' dir='ltr'>baec</span> <span class='ocrx_word' id='word_1_18' title='bbox 994 654 1059 696; x_wconf 90' lang='lat' dir='ltr'>enm</span> <span class='ocrx_word' id='word_1_19' title='bbox 1077 637 1255 697; x_wconf 80' lang='lat' dir='ltr'>rescivisset</span> <span class='ocrx_word' id='word_1_20' title='bbox 1270 639 1380 694; x_wconf 89' lang='lat' dir='ltr'>senatus</span> 
     </span>
     <span class='ocr_line' id='line_1_4' title="bbox 202 739 1381 818; baseline -0.005 -16"><span class='ocrx_word' id='word_1_21' title='bbox 202 742 269 802; x_wconf 88' lang='lat' dir='ltr'>Vitc</span> <span class='ocrx_word' id='word_1_22' title='bbox 284 742 400 802; x_wconf 81' lang='lat' dir='ltr'>aliunde</span> <span class='ocrx_word' id='word_1_23' title='bbox 421 742 566 818; x_wconf 82' lang='lat' dir='ltr'>exemplar</span> <span class='ocrx_word' id='word_1_24' title='bbox 586 743 668 802; x_wconf 90' lang='lat' dir='ltr'>istius</span> <span class='ocrx_word' id='word_1_25' title='bbox 692 741 757 801; x_wconf 90' lang='lat' dir='ltr'>libri</span> <span class='ocrx_word' id='word_1_26' title='bbox 776 743 907 817; x_wconf 90' lang='lat' dir='ltr'>missum,</span> <span class='ocrx_word' id='word_1_27' title='bbox 933 759 985 817; x_wconf 91' lang='lat' dir='ltr'>per</span> <span class='ocrx_word' id='word_1_28' title='bbox 1005 747 1172 804; x_wconf 81' lang='lat' dir='ltr'>senatorem</span> <span class='ocrx_word' id='word_1_29' title='bbox 1197 741 1327 814; x_wconf 82' lang='lat' dir='ltr'>aliquem</span> <span class='ocrx_word' id='word_1_30' title='bbox 1344 739 1381 797; x_wconf 91' lang='lat' dir='ltr'>illi</span> 
     </span>
     <span class='ocr_line' id='line_1_5' title="bbox 201 847 1381 922; baseline -0.006 -14"><span class='ocrx_word' id='word_1_31' title='bbox 201 848 388 922; x_wconf 88' lang='lat' dir='ltr'>mandarunt,</span> <span class='ocrx_word' id='word_1_32' title='bbox 414 855 446 907; x_wconf 90' lang='lat' dir='ltr'>ut</span> <span class='ocrx_word' id='word_1_33' title='bbox 467 863 532 907; x_wconf 90' lang='lat' dir='ltr'>enm</span> <span class='ocrx_word' id='word_1_34' title='bbox 551 847 678 908; x_wconf 87' lang='lat' dir='ltr'>libellum</span> <span class='ocrx_word' id='word_1_35' title='bbox 701 848 807 906; x_wconf 91' lang='lat' dir='ltr'>nemini</span> <span class='ocrx_word' id='word_1_36' title='bbox 830 853 927 908; x_wconf 90' lang='lat' dir='ltr'>mutuo</span> <span class='ocrx_word' id='word_1_37' title='bbox 944 848 1035 908; x_wconf 88' lang='lat' dir='ltr'>daret.</span> <span class='ocrx_word' id='word_1_38' title='bbox 1074 849 1205 922; x_wconf 86' lang='lat' dir='ltr'>Insuper</span> <span class='ocrx_word' id='word_1_39' title='bbox 1222 847 1340 906; x_wconf 91' lang='lat' dir='ltr'>omuino</span> <span class='ocrx_word' id='word_1_40' title='bbox 1354 860 1381 902; x_wconf 93' lang='lat' dir='ltr'>se</span> 
     </span>
     <span class='ocr_line' id='line_1_6' title="bbox 203 951 1379 1027; baseline -0.006 -13"><span class='ocrx_word' id='word_1_41' title='bbox 203 955 360 1014; x_wconf 82' lang='lat' dir='ltr'>abstineret</span> <span class='ocrx_word' id='word_1_42' title='bbox 375 954 526 1027; x_wconf 88' lang='lat' dir='ltr'>quicquam</span> <span class='ocrx_word' id='word_1_43' title='bbox 540 954 587 1014; x_wconf 87' lang='lat' dir='ltr'>vel</span> <span class='ocrx_word' id='word_1_44' title='bbox 602 960 702 1014; x_wconf 89' lang='lat' dir='ltr'>contra</span> <span class='ocrx_word' id='word_1_45' title='bbox 717 953 762 1013; x_wconf 89' lang='lat' dir='ltr'>vel</span> <span class='ocrx_word' id='word_1_46' title='bbox 778 952 813 1012; x_wconf 92' lang='lat' dir='ltr'>de</span> <span class='ocrx_word' id='word_1_47' title='bbox 828 952 882 1012; x_wconf 91' lang='lat' dir='ltr'>boc</span> <span class='ocrx_word' id='word_1_48' title='bbox 896 952 992 1013; x_wconf 90' lang='lat' dir='ltr'>libello</span> <span class='ocrx_word' id='word_1_49' title='bbox 1007 953 1044 1012; x_wconf 87' lang='lat' dir='ltr'>ad</span> <span class='ocrx_word' id='word_1_50' title='bbox 1060 969 1233 1027; x_wconf 88' lang='lat' dir='ltr'>quenquam</span> <span class='ocrx_word' id='word_1_51' title='bbox 1249 951 1379 1020; x_wconf 90' lang='lat' dir='ltr'>seribere,</span> 
     </span>
     <span class='ocr_line' id='line_1_7' title="bbox 201 1032 1381 1132; baseline -0.005 -14"><span class='ocrx_word' id='word_1_52' title='bbox 201 1075 238 1118; x_wconf 90' lang='lat' dir='ltr'>ue</span> <span class='ocrx_word' id='word_1_53' title='bbox 253 1058 300 1118; x_wconf 87' lang='lat' dir='ltr'>vel</span> <span class='ocrx_word' id='word_1_54' title='bbox 315 1074 346 1118; x_wconf 91' lang='lat' dir='ltr'>se</span> <span class='ocrx_word' id='word_1_55' title='bbox 360 1059 453 1132; x_wconf 90' lang='lat' dir='ltr'>ipsum</span> <span class='ocrx_word' id='word_1_56' title='bbox 467 1059 513 1118; x_wconf 84' lang='lat' dir='ltr'>uel</span> <span class='ocrx_word' id='word_1_57' title='bbox 528 1058 628 1118; x_wconf 87' lang='lat' dir='ltr'>urbem</span> <span class='ocrx_word' id='word_1_58' title='bbox 643 1060 779 1119; x_wconf 87' lang='lat' dir='ltr'>Noricam</span> <span class='ocrx_word' id='word_1_59' title='bbox 800 1059 896 1132; x_wconf 88' lang='lat' dir='ltr'>aliquo</span> <span class='ocrx_word' id='word_1_60' title='bbox 918 1032 1096 1118; x_wconf 84' lang='lat' dir='ltr'>incommodo</span> <span class='ocrx_word' id='word_1_61' title='bbox 1112 1055 1262 1117; x_wconf 88' lang='lat' dir='ltr'>afficeret.</span> <span class='ocrx_word' id='word_1_62' title='bbox 1292 1053 1381 1114; x_wconf 89' lang='lat' dir='ltr'>Probe</span> 
     </span>
     <span class='ocr_line' id='line_1_8' title="bbox 202 1159 1380 1239; baseline -0.004 -18"><span class='ocrx_word' id='word_1_63' title='bbox 202 1163 279 1222; x_wconf 92' lang='lat' dir='ltr'>enim</span> <span class='ocrx_word' id='word_1_64' title='bbox 293 1165 348 1237; x_wconf 92' lang='lat' dir='ltr'>ipsi</span> <span class='ocrx_word' id='word_1_65' title='bbox 363 1168 545 1239; x_wconf 89' lang='lat' dir='ltr'>perspectum</span> <span class='ocrx_word' id='word_1_66' title='bbox 560 1180 637 1238; x_wconf 91' lang='lat' dir='ltr'>csse,</span> <span class='ocrx_word' id='word_1_67' title='bbox 658 1181 730 1239; x_wconf 88' lang='lat' dir='ltr'>quas</span> <span class='ocrx_word' id='word_1_68' title='bbox 745 1164 844 1224; x_wconf 88' lang='lat' dir='ltr'>turbas</span> <span class='ocrx_word' id='word_1_69' title='bbox 867 1164 989 1223; x_wconf 89' lang='lat' dir='ltr'>antehae</span> <span class='ocrx_word' id='word_1_70' title='bbox 1003 1161 1156 1223; x_wconf 91' lang='lat' dir='ltr'>scribendo</span> <span class='ocrx_word' id='word_1_71' title='bbox 1173 1161 1305 1222; x_wconf 87' lang='lat' dir='ltr'>moverit</span> <span class='ocrx_word' id='word_1_72' title='bbox 1320 1159 1380 1236; x_wconf 86' lang='lat' dir='ltr'>(boc</span> 
     </span>
     <span class='ocr_line' id='line_1_9' title="bbox 203 1259 1377 1344; baseline -0.007 -16"><span class='ocrx_word' id='word_1_73' title='bbox 203 1275 298 1328; x_wconf 90' lang='lat' dir='ltr'>autem</span> <span class='ocrx_word' id='word_1_74' title='bbox 313 1269 419 1330; x_wconf 89' lang='lat' dir='ltr'>dictum</span> <span class='ocrx_word' id='word_1_75' title='bbox 434 1274 497 1328; x_wconf 86' lang='lat' dir='ltr'>erat</span> <span class='ocrx_word' id='word_1_76' title='bbox 513 1269 548 1329; x_wconf 91' lang='lat' dir='ltr'>de</span> <span class='ocrx_word' id='word_1_77' title='bbox 563 1269 668 1328; x_wconf 91' lang='lat' dir='ltr'>litteris</span> <span class='ocrx_word' id='word_1_78' title='bbox 682 1269 742 1327; x_wconf 88' lang='lat' dir='ltr'>Viti</span> <span class='ocrx_word' id='word_1_79' title='bbox 757 1270 795 1329; x_wconf 91' lang='lat' dir='ltr'>ad</span> <span class='ocrx_word' id='word_1_80' title='bbox 809 1269 960 1328; x_wconf 90' lang='lat' dir='ltr'>Brentinm</span> <span class='ocrx_word' id='word_1_81' title='bbox 978 1269 1016 1329; x_wconf 88' lang='lat' dir='ltr'>ab</span> <span class='ocrx_word' id='word_1_82' title='bbox 1029 1269 1171 1344; x_wconf 88' lang='lat' dir='ltr'>Hispanis</span> <span class='ocrx_word' id='word_1_83' title='bbox 1188 1259 1377 1338; x_wconf 85' lang='lat' dir='ltr'>interceptis).</span> 
     </span>
     <span class='ocr_line' id='line_1_10' title="bbox 201 1369 1379 1451; baseline -0.008 -15"><span class='ocrx_word' id='word_1_84' title='bbox 201 1375 349 1436; x_wconf 81' lang='lat' dir='ltr'>Addentcs</span> <span class='ocrx_word' id='word_1_85' title='bbox 364 1377 482 1451; x_wconf 91' lang='lat' dir='ltr'>insuper</span> <span class='ocrx_word' id='word_1_86' title='bbox 495 1377 596 1451; x_wconf 78' lang='lat' dir='ltr'>minsa,</span> <span class='ocrx_word' id='word_1_87' title='bbox 628 1392 660 1435; x_wconf 92' lang='lat' dir='ltr'>se</span> <span class='ocrx_word' id='word_1_88' title='bbox 674 1376 830 1449; x_wconf 88' lang='lat' dir='ltr'>asperrime</span> <span class='ocrx_word' id='word_1_89' title='bbox 845 1375 875 1433; x_wconf 92' lang='lat' dir='ltr'>iu</span> <span class='ocrx_word' id='word_1_90' title='bbox 889 1375 982 1448; x_wconf 90' lang='lat' dir='ltr'>ipsum</span> <span class='ocrx_word' id='word_1_91' title='bbox 997 1375 1269 1446; x_wconf 83' lang='lat' dir='ltr'>animadversuros,</span> <span class='ocrx_word' id='word_1_92' title='bbox 1293 1372 1318 1429; x_wconf 93' lang='lat' dir='ltr'>si</span> <span class='ocrx_word' id='word_1_93' title='bbox 1333 1369 1379 1428; x_wconf 85' lang='lat' dir='ltr'>ali·</span> 
     </span>
     <span class='ocr_line' id='line_1_11' title="bbox 202 1478 1376 1556; baseline -0.007 -16"><span class='ocrx_word' id='word_1_94' title='bbox 202 1487 248 1541; x_wconf 91' lang='lat' dir='ltr'>ter</span> <span class='ocrx_word' id='word_1_95' title='bbox 262 1482 299 1542; x_wconf 90' lang='lat' dir='ltr'>ab</span> <span class='ocrx_word' id='word_1_96' title='bbox 313 1482 377 1556; x_wconf 92' lang='lat' dir='ltr'>ipso</span> <span class='ocrx_word' id='word_1_97' title='bbox 392 1479 484 1540; x_wconf 87' lang='lat' dir='ltr'>fieret.</span> <span class='ocrx_word' id='word_1_98' title='bbox 517 1478 591 1553; x_wconf 78' lang='lat' dir='ltr'>Quid</span> <span class='ocrx_word' id='word_1_99' title='bbox 605 1484 704 1554; x_wconf 83' lang='lat' dir='ltr'>ageret</span> <span class='ocrx_word' id='word_1_100' title='bbox 718 1480 819 1554; x_wconf 91' lang='lat' dir='ltr'>miser,</span> <span class='ocrx_word' id='word_1_101' title='bbox 841 1481 890 1554; x_wconf 92' lang='lat' dir='ltr'>qui</span> <span class='ocrx_word' id='word_1_102' title='bbox 905 1480 952 1538; x_wconf 83' lang='lat' dir='ltr'>vis</span> <span class='ocrx_word' id='word_1_103' title='bbox 967 1481 1093 1554; x_wconf 78' lang='lat' dir='ltr'>linguam</span> <span class='ocrx_word' id='word_1_104' title='bbox 1113 1497 1149 1540; x_wconf 88' lang='lat' dir='ltr'>ex</span> <span class='ocrx_word' id='word_1_105' title='bbox 1165 1479 1304 1539; x_wconf 91' lang='lat' dir='ltr'>omnibus</span> <span class='ocrx_word' id='word_1_106' title='bbox 1320 1490 1376 1534; x_wconf 89' lang='lat' dir='ltr'>cor·</span> 
     </span>
     <span class='ocr_line' id='line_1_12' title="bbox 201 1583 1376 1661; baseline -0.009 -15"><span class='ocrx_word' id='word_1_107' title='bbox 201 1587 281 1661; x_wconf 90' lang='lat' dir='ltr'>poris</span> <span class='ocrx_word' id='word_1_108' title='bbox 297 1585 430 1645; x_wconf 89' lang='lat' dir='ltr'>membris</span> <span class='ocrx_word' id='word_1_109' title='bbox 446 1585 598 1646; x_wconf 84' lang='lat' dir='ltr'>volubilem</span> <span class='ocrx_word' id='word_1_110' title='bbox 613 1584 719 1645; x_wconf 79' lang='lat' dir='ltr'>babet?</span> <span class='ocrx_word' id='word_1_111' title='bbox 746 1585 908 1658; x_wconf 79' lang='lat' dir='ltr'>Respondit</span> <span class='ocrx_word' id='word_1_112' title='bbox 928 1589 1023 1645; x_wconf 90' lang='lat' dir='ltr'>tamen</span> <span class='ocrx_word' id='word_1_113' title='bbox 1038 1590 1139 1645; x_wconf 90' lang='lat' dir='ltr'>eontra</span> <span class='ocrx_word' id='word_1_114' title='bbox 1153 1586 1223 1645; x_wconf 91' lang='lat' dir='ltr'>haee</span> <span class='ocrx_word' id='word_1_115' title='bbox 1238 1583 1376 1644; x_wconf 88' lang='lat' dir='ltr'>tonitrua:</span> 
     </span>
     <span class='ocr_line' id='line_1_13' title="bbox 203 1690 1374 1767; baseline -0.006 -17"><span class='ocrx_word' id='word_1_116' title='bbox 203 1691 301 1751; x_wconf 84' lang='lat' dir='ltr'>Caesar</span> <span class='ocrx_word' id='word_1_117' title='bbox 315 1690 368 1751; x_wconf 92' lang='lat' dir='ltr'>sub</span> <span class='ocrx_word' id='word_1_118' title='bbox 384 1706 436 1750; x_wconf 91' lang='lat' dir='ltr'>suo</span> <span class='ocrx_word' id='word_1_119' title='bbox 457 1692 570 1751; x_wconf 89' lang='lat' dir='ltr'>nomina</span> <span class='ocrx_word' id='word_1_120' title='bbox 589 1691 693 1751; x_wconf 84' lang='lat' dir='ltr'>librum</span> <span class='ocrx_word' id='word_1_121' title='bbox 713 1691 789 1750; x_wconf 90' lang='lat' dir='ltr'>bunc</span> <span class='ocrx_word' id='word_1_122' title='bbox 803 1690 833 1748; x_wconf 92' lang='lat' dir='ltr'>in</span> <span class='ocrx_word' id='word_1_123' title='bbox 848 1690 993 1766; x_wconf 88' lang='lat' dir='ltr'>publicum</span> <span class='ocrx_word' id='word_1_124' title='bbox 1007 1691 1125 1767; x_wconf 89' lang='lat' dir='ltr'>prodire</span> <span class='ocrx_word' id='word_1_125' title='bbox 1139 1692 1253 1764; x_wconf 89' lang='lat' dir='ltr'>voluit,</span> <span class='ocrx_word' id='word_1_126' title='bbox 1277 1695 1306 1748; x_wconf 93' lang='lat' dir='ltr'>et</span> <span class='ocrx_word' id='word_1_127' title='bbox 1320 1701 1374 1759; x_wconf 88' lang='lat' dir='ltr'>vos,</span> 
     </span>
     <span class='ocr_line' id='line_1_14' title="bbox 203 1789 1375 1871; baseline -0.005 -15"><span class='ocrx_word' id='word_1_128' title='bbox 203 1796 311 1857; x_wconf 92' lang='lat' dir='ltr'>domini</span> <span class='ocrx_word' id='word_1_129' title='bbox 325 1798 390 1868; x_wconf 89' lang='lat' dir='ltr'>mei,</span> <span class='ocrx_word' id='word_1_130' title='bbox 406 1797 482 1855; x_wconf 87' lang='lat' dir='ltr'>bunc</span> <span class='ocrx_word' id='word_1_131' title='bbox 497 1797 591 1856; x_wconf 82' lang='lat' dir='ltr'>celare</span> <span class='ocrx_word' id='word_1_132' title='bbox 605 1793 711 1854; x_wconf 80' lang='lat' dir='ltr'>vultis?</span> <span class='ocrx_word' id='word_1_133' title='bbox 733 1796 762 1854; x_wconf 90' lang='lat' dir='ltr'>Is</span> <span class='ocrx_word' id='word_1_134' title='bbox 777 1813 845 1857; x_wconf 85' lang='lat' dir='ltr'>vero</span> <span class='ocrx_word' id='word_1_135' title='bbox 861 1798 946 1857; x_wconf 90' lang='lat' dir='ltr'>modo</span> <span class='ocrx_word' id='word_1_136' title='bbox 961 1814 1049 1871; x_wconf 90' lang='lat' dir='ltr'>penes</span> <span class='ocrx_word' id='word_1_137' title='bbox 1063 1813 1115 1857; x_wconf 92' lang='lat' dir='ltr'>uos</span> <span class='ocrx_word' id='word_1_138' title='bbox 1131 1812 1193 1857; x_wconf 88' lang='lat' dir='ltr'>uon</span> <span class='ocrx_word' id='word_1_139' title='bbox 1211 1800 1267 1856; x_wconf 89' lang='lat' dir='ltr'>est.</span> <span class='ocrx_word' id='word_1_140' title='bbox 1298 1789 1375 1864; x_wconf 81' lang='lat' dir='ltr'>Quod</span> 
     </span>
     <span class='ocr_line' id='line_1_15' title="bbox 202 1899 1372 1978; baseline -0.005 -16"><span class='ocrx_word' id='word_1_141' title='bbox 202 1908 299 1962; x_wconf 89' lang='lat' dir='ltr'>autem</span> <span class='ocrx_word' id='word_1_142' title='bbox 313 1899 474 1978; x_wconf 88' lang='lat' dir='ltr'>prohibetis</span> <span class='ocrx_word' id='word_1_143' title='bbox 488 1917 534 1960; x_wconf 90' lang='lat' dir='ltr'>me</span> <span class='ocrx_word' id='word_1_144' title='bbox 549 1902 683 1977; x_wconf 88' lang='lat' dir='ltr'>scribere,</span> <span class='ocrx_word' id='word_1_145' title='bbox 700 1921 758 1962; x_wconf 93' lang='lat' dir='ltr'>non</span> <span class='ocrx_word' id='word_1_146' title='bbox 772 1903 916 1977; x_wconf 82' lang='lat' dir='ltr'>gravabor</span> <span class='ocrx_word' id='word_1_147' title='bbox 928 1903 1009 1964; x_wconf 84' lang='lat' dir='ltr'>robis</span> <span class='ocrx_word' id='word_1_148' title='bbox 1018 1903 1144 1978; x_wconf 88' lang='lat' dir='ltr'>obedire,</span> <span class='ocrx_word' id='word_1_149' title='bbox 1162 1905 1236 1978; x_wconf 87' lang='lat' dir='ltr'>quia</span> <span class='ocrx_word' id='word_1_150' title='bbox 1251 1915 1304 1961; x_wconf 90' lang='lat' dir='ltr'>nec</span> <span class='ocrx_word' id='word_1_151' title='bbox 1317 1913 1372 1956; x_wconf 88' lang='lat' dir='ltr'>ma-</span> 
     </span>
     <span class='ocr_line' id='line_1_16' title="bbox 202 2005 1373 2084; baseline -0.008 -16"><span class='ocrx_word' id='word_1_152' title='bbox 202 2026 270 2068; x_wconf 90' lang='lat' dir='ltr'>num</span> <span class='ocrx_word' id='word_1_153' title='bbox 285 2025 339 2070; x_wconf 89' lang='lat' dir='ltr'>nec</span> <span class='ocrx_word' id='word_1_154' title='bbox 353 2005 455 2084; x_wconf 89' lang='lat' dir='ltr'>pedem</span> <span class='ocrx_word' id='word_1_155' title='bbox 469 2009 525 2068; x_wconf 88' lang='lat' dir='ltr'>rite</span> <span class='ocrx_word' id='word_1_156' title='bbox 540 2024 655 2067; x_wconf 83' lang='lat' dir='ltr'>movere</span> <span class='ocrx_word' id='word_1_157' title='bbox 670 2024 783 2082; x_wconf 86' lang='lat' dir='ltr'>queam.</span> <span class='ocrx_word' id='word_1_158' title='bbox 823 2008 880 2068; x_wconf 86' lang='lat' dir='ltr'>Sed</span> <span class='ocrx_word' id='word_1_159' title='bbox 904 2009 973 2068; x_wconf 90' lang='lat' dir='ltr'>deus</span> <span class='ocrx_word' id='word_1_160' title='bbox 993 2010 1082 2084; x_wconf 90' lang='lat' dir='ltr'>bone,</span> <span class='ocrx_word' id='word_1_161' title='bbox 1105 2025 1194 2083; x_wconf 87' lang='lat' dir='ltr'>qnam</span> <span class='ocrx_word' id='word_1_162' title='bbox 1215 2021 1320 2069; x_wconf 84' lang='lat' dir='ltr'>uereor</span> <span class='ocrx_word' id='word_1_163' title='bbox 1340 2017 1373 2060; x_wconf 91' lang='lat' dir='ltr'>ne</span> 
     </span>
     <span class='ocr_line' id='line_1_17' title="bbox 203 2111 1371 2188; baseline -0.01 -14"><span class='ocrx_word' id='word_1_164' title='bbox 203 2113 283 2174; x_wconf 89' lang='lat' dir='ltr'>vobis</span> <span class='ocrx_word' id='word_1_165' title='bbox 303 2114 371 2174; x_wconf 87' lang='lat' dir='ltr'>mali</span> <span class='ocrx_word' id='word_1_166' title='bbox 394 2113 549 2188; x_wconf 88' lang='lat' dir='ltr'>quidquam</span> <span class='ocrx_word' id='word_1_167' title='bbox 568 2112 623 2172; x_wconf 93' lang='lat' dir='ltr'>hoc</span> <span class='ocrx_word' id='word_1_168' title='bbox 642 2113 803 2172; x_wconf 92' lang='lat' dir='ltr'>institutum</span> <span class='ocrx_word' id='word_1_169' title='bbox 822 2114 984 2188; x_wconf 85' lang='lat' dir='ltr'>praetendat</span> <span class='ocrx_word' id='word_1_170' title='bbox 1005 2120 1059 2174; x_wconf 90' lang='lat' dir='ltr'>etc.</span> <span class='ocrx_word' id='word_1_171' title='bbox 1100 2113 1243 2175; x_wconf 81' lang='lat' dir='ltr'>Consules</span> <span class='ocrx_word' id='word_1_172' title='bbox 1263 2125 1330 2170; x_wconf 85' lang='lat' dir='ltr'>uero</span> <span class='ocrx_word' id='word_1_173' title='bbox 1345 2111 1371 2164; x_wconf 88' lang='lat' dir='ltr'>et</span> 
     </span>
     <span class='ocr_line' id='line_1_18' title="bbox 203 2211 1369 2294; baseline -0.005 -14"><span class='ocrx_word' id='word_1_174' title='bbox 203 2225 317 2281; x_wconf 88' lang='lat' dir='ltr'>senatus</span> <span class='ocrx_word' id='word_1_175' title='bbox 333 2221 407 2281; x_wconf 89' lang='lat' dir='ltr'>diem</span> <span class='ocrx_word' id='word_1_176' title='bbox 422 2237 510 2279; x_wconf 93' lang='lat' dir='ltr'>unum</span> <span class='ocrx_word' id='word_1_177' title='bbox 526 2226 556 2280; x_wconf 90' lang='lat' dir='ltr'>et</span> <span class='ocrx_word' id='word_1_178' title='bbox 569 2219 692 2278; x_wconf 89' lang='lat' dir='ltr'>alterum</span> <span class='ocrx_word' id='word_1_179' title='bbox 702 2221 848 2294; x_wconf 88' lang='lat' dir='ltr'>perpetuis</span> <span class='ocrx_word' id='word_1_180' title='bbox 859 2220 1115 2280; x_wconf 88' lang='lat' dir='ltr'>consultationibus</span> <span class='ocrx_word' id='word_1_181' title='bbox 1130 2221 1291 2292; x_wconf 90' lang='lat' dir='ltr'>insumunt,</span> <span class='ocrx_word' id='word_1_182' title='bbox 1308 2211 1369 2288; x_wconf 88' lang='lat' dir='ltr'>quid</span> 
     </span>
     <span class='ocr_line' id='line_1_19' title="bbox 201 2319 1368 2400; baseline -0.006 -14"><span class='ocrx_word' id='word_1_183' title='bbox 201 2325 363 2387; x_wconf 90' lang='lat' dir='ltr'>faciendum</span> <span class='ocrx_word' id='word_1_184' title='bbox 383 2327 420 2384; x_wconf 90' lang='lat' dir='ltr'>sit</span> <span class='ocrx_word' id='word_1_185' title='bbox 435 2341 522 2400; x_wconf 91' lang='lat' dir='ltr'>super</span> <span class='ocrx_word' id='word_1_186' title='bbox 536 2325 591 2386; x_wconf 88' lang='lat' dir='ltr'>hoe</span> <span class='ocrx_word' id='word_1_187' title='bbox 604 2325 731 2400; x_wconf 91' lang='lat' dir='ltr'>interim,</span> <span class='ocrx_word' id='word_1_188' title='bbox 747 2330 775 2384; x_wconf 89' lang='lat' dir='ltr'>et</span> <span class='ocrx_word' id='word_1_189' title='bbox 790 2327 912 2385; x_wconf 83' lang='lat' dir='ltr'>maxime</span> <span class='ocrx_word' id='word_1_190' title='bbox 927 2324 1004 2399; x_wconf 88' lang='lat' dir='ltr'>quod</span> <span class='ocrx_word' id='word_1_191' title='bbox 1018 2325 1119 2386; x_wconf 90' lang='lat' dir='ltr'>doctor</span> <span class='ocrx_word' id='word_1_192' title='bbox 1133 2325 1283 2386; x_wconf 88' lang='lat' dir='ltr'>Henricus</span> <span class='ocrx_word' id='word_1_193' title='bbox 1297 2319 1368 2379; x_wconf 76' lang='lat' dir='ltr'>Hane</span> 
     </span>
     <span class='ocr_line' id='line_1_20' title="bbox 203 2429 1367 2507; baseline -0.011 -16"><span class='ocrx_word' id='word_1_194' title='bbox 203 2438 234 2492; x_wconf 91' lang='lat' dir='ltr'>et</span> <span class='ocrx_word' id='word_1_195' title='bbox 255 2433 386 2493; x_wconf 83' lang='lat' dir='ltr'>dommus</span> <span class='ocrx_word' id='word_1_196' title='bbox 406 2432 442 2490; x_wconf 91' lang='lat' dir='ltr'>de</span> <span class='ocrx_word' id='word_1_197' title='bbox 463 2431 542 2504; x_wconf 87' lang='lat' dir='ltr'>Lyra</span> <span class='ocrx_word' id='word_1_198' title='bbox 561 2432 676 2491; x_wconf 84' lang='lat' dir='ltr'>casaris</span> <span class='ocrx_word' id='word_1_199' title='bbox 702 2432 815 2491; x_wconf 89' lang='lat' dir='ltr'>nomine</span> <span class='ocrx_word' id='word_1_200' title='bbox 834 2432 893 2503; x_wconf 89' lang='lat' dir='ltr'>jam</span> <span class='ocrx_word' id='word_1_201' title='bbox 918 2436 979 2490; x_wconf 91' lang='lat' dir='ltr'>tum</span> <span class='ocrx_word' id='word_1_202' title='bbox 1001 2431 1194 2505; x_wconf 82' lang='lat' dir='ltr'>iloriubergae</span> <span class='ocrx_word' id='word_1_203' title='bbox 1216 2429 1367 2507; x_wconf 84' lang='lat' dir='ltr'>praesentes</span> 
     </span>
     <span class='ocr_line' id='line_1_21' title="bbox 202 2530 1456 2613; baseline -0.004 -16"><span class='ocrx_word' id='word_1_204' title='bbox 202 2555 256 2613; x_wconf 92' lang='lat' dir='ltr'>pro</span> <span class='ocrx_word' id='word_1_205' title='bbox 278 2552 416 2613; x_wconf 89' lang='lat' dir='ltr'>responso</span> <span class='ocrx_word' id='word_1_206' title='bbox 436 2537 631 2597; x_wconf 87' lang='lat' dir='ltr'>sollicitarent.</span> <span class='ocrx_word' id='word_1_207' title='bbox 675 2535 804 2596; x_wconf 85' lang='lat' dir='ltr'>Tandem</span> <span class='ocrx_word' id='word_1_208' title='bbox 823 2539 897 2596; x_wconf 86' lang='lat' dir='ltr'>uicto</span> <span class='ocrx_word' id='word_1_209' title='bbox 925 2536 1105 2597; x_wconf 85' lang='lat' dir='ltr'>verecundiae</span> <span class='ocrx_word' id='word_1_210' title='bbox 1126 2535 1239 2609; x_wconf 91' lang='lat' dir='ltr'>pudore</span> <span class='ocrx_word' id='word_1_211' title='bbox 1262 2530 1366 2593; x_wconf 70' lang='lat' dir='ltr'>Christo</span> <span class='ocrx_word' id='word_1_212' title='bbox 1455 2571 1456 2587; x_wconf 51' lang='lat' dir='ltr'>r</span> 
     </span>
     <span class='ocr_line' id='line_1_22' title="bbox 137 2637 1455 2718; baseline -0.008 -13"><span class='ocrx_word' id='word_1_213' title='bbox 137 2655 141 2670; x_wconf 84' lang='lat'><strong><em>¹</em></strong></span> <span class='ocrx_word' id='word_1_214' title='bbox 203 2644 325 2718; x_wconf 78' lang='lat' dir='ltr'>gratiam</span> <span class='ocrx_word' id='word_1_215' title='bbox 339 2645 456 2704; x_wconf 83' lang='lat' dir='ltr'>caesaris</span> <span class='ocrx_word' id='word_1_216' title='bbox 475 2640 633 2717; x_wconf 84' lang='lat' dir='ltr'>praeferunt</span> <span class='ocrx_word' id='word_1_217' title='bbox 647 2657 681 2700; x_wconf 87' lang='lat' dir='ltr'>ae</span> <span class='ocrx_word' id='word_1_218' title='bbox 697 2643 812 2701; x_wconf 89' lang='lat' dir='ltr'>interim</span> <span class='ocrx_word' id='word_1_219' title='bbox 827 2643 954 2716; x_wconf 88' lang='lat' dir='ltr'>recipere</span> <span class='ocrx_word' id='word_1_220' title='bbox 969 2637 1098 2703; x_wconf 89' lang='lat' dir='ltr'>statuunt</span> <span class='ocrx_word' id='word_1_221' title='bbox 1113 2659 1147 2702; x_wconf 92' lang='lat' dir='ltr'>ac</span> <span class='ocrx_word' id='word_1_222' title='bbox 1162 2644 1258 2702; x_wconf 88' lang='lat' dir='ltr'>solum</span> <span class='ocrx_word' id='word_1_223' title='bbox 1275 2638 1363 2698; x_wconf 85' lang='lat' dir='ltr'>Osiau·</span> <span class='ocrx_word' id='word_1_224' title='bbox 1454 2677 1455 2691; x_wconf 43' lang='lat' dir='ltr'>t</span> 
     </span>
     <span class='ocr_line' id='line_1_23' title="bbox 203 2748 1364 2823; baseline -0.005 -15"><span class='ocrx_word' id='word_1_225' title='bbox 203 2749 286 2808; x_wconf 80' lang='lat' dir='ltr'>dnum</span> <span class='ocrx_word' id='word_1_226' title='bbox 302 2750 404 2808; x_wconf 89' lang='lat' dir='ltr'>ceteris</span> <span class='ocrx_word' id='word_1_227' title='bbox 424 2748 670 2808; x_wconf 88' lang='lat' dir='ltr'>concionatoribus</span> <span class='ocrx_word' id='word_1_228' title='bbox 695 2748 832 2822; x_wconf 88' lang='lat' dir='ltr'>neglectis</span> <span class='ocrx_word' id='word_1_229' title='bbox 852 2749 891 2807; x_wconf 86' lang='lat' dir='ltr'>ad</span> <span class='ocrx_word' id='word_1_230' title='bbox 910 2765 940 2808; x_wconf 91' lang='lat' dir='ltr'>se</span> <span class='ocrx_word' id='word_1_231' title='bbox 959 2754 1078 2823; x_wconf 88' lang='lat' dir='ltr'>vocant,</span> <span class='ocrx_word' id='word_1_232' title='bbox 1105 2749 1183 2822; x_wconf 91' lang='lat' dir='ltr'>huic,</span> <span class='ocrx_word' id='word_1_233' title='bbox 1203 2761 1268 2823; x_wconf 87' lang='lat' dir='ltr'>quae</span> <span class='ocrx_word' id='word_1_234' title='bbox 1284 2751 1364 2802; x_wconf 83' lang='lat' dir='ltr'>eaesar</span> 
     </span>
     <span class='ocr_line' id='line_1_24' title="bbox 202 2833 1453 2929; baseline -0.003 -18"><span class='ocrx_word' id='word_1_235' title='bbox 202 2854 314 2914; x_wconf 88' lang='lat' dir='ltr'>senatui</span> <span class='ocrx_word' id='word_1_236' title='bbox 328 2852 471 2912; x_wconf 88' lang='lat' dir='ltr'>mandarit</span> <span class='ocrx_word' id='word_1_237' title='bbox 486 2853 568 2910; x_wconf 92' lang='lat' dir='ltr'>simul</span> <span class='ocrx_word' id='word_1_238' title='bbox 584 2857 612 2912; x_wconf 90' lang='lat' dir='ltr'>et</span> <span class='ocrx_word' id='word_1_239' title='bbox 634 2851 774 2912; x_wconf 86' lang='lat' dir='ltr'>terrificas</span> <span class='ocrx_word' id='word_1_240' title='bbox 795 2854 887 2912; x_wconf 90' lang='lat' dir='ltr'>minas</span> <span class='ocrx_word' id='word_1_241' title='bbox 907 2854 996 2928; x_wconf 92' lang='lat' dir='ltr'>ipsius</span> <span class='ocrx_word' id='word_1_242' title='bbox 1016 2857 1164 2929; x_wconf 85' lang='lat' dir='ltr'>exponunt</span> <span class='ocrx_word' id='word_1_243' title='bbox 1186 2851 1361 2918; x_wconf 75' lang='lat' dir='ltr'>Andreaequt</span> <span class='ocrx_word' id='word_1_244' title='bbox 1452 2833 1453 2836; x_wconf 26' lang='lat'>¹</span> 
     </span>
     <span class='ocr_line' id='line_1_25' title="bbox 203 2951 1360 3031; baseline -0.004 -16"><span class='ocrx_word' id='word_1_245' title='bbox 203 2972 289 3031; x_wconf 86' lang='lat' dir='ltr'>super</span> <span class='ocrx_word' id='word_1_246' title='bbox 300 2957 354 3015; x_wconf 89' lang='lat' dir='ltr'>bac</span> <span class='ocrx_word' id='word_1_247' title='bbox 362 2973 395 3015; x_wconf 91' lang='lat' dir='ltr'>re</span> <span class='ocrx_word' id='word_1_248' title='bbox 404 2956 551 3016; x_wconf 92' lang='lat' dir='ltr'>consilium</span> <span class='ocrx_word' id='word_1_249' title='bbox 565 2962 674 3030; x_wconf 89' lang='lat' dir='ltr'>petunt.</span> <span class='ocrx_word' id='word_1_250' title='bbox 692 2957 801 3030; x_wconf 78' lang='lat' dir='ltr'>Quibus</span> <span class='ocrx_word' id='word_1_251' title='bbox 811 2957 915 3018; x_wconf 88' lang='lat' dir='ltr'>auditis</span> <span class='ocrx_word' id='word_1_252' title='bbox 924 2958 1064 3018; x_wconf 89' lang='lat' dir='ltr'>Osiander</span> <span class='ocrx_word' id='word_1_253' title='bbox 1078 2960 1134 3018; x_wconf 88' lang='lat' dir='ltr'>ait:</span> <span class='ocrx_word' id='word_1_254' title='bbox 1151 2958 1308 3019; x_wconf 78' lang='lat' dir='ltr'>Consilium</span> <span class='ocrx_word' id='word_1_255' title='bbox 1314 2951 1360 3010; x_wconf 78' lang='lat' dir='ltr'>bot</span> 
     </span>
     <span class='ocr_line' id='line_1_26' title="bbox 201 3056 1358 3138; baseline -0.001 -18"><span class='ocrx_word' id='word_1_256' title='bbox 201 3059 278 3134; x_wconf 90' lang='lat' dir='ltr'>apud</span> <span class='ocrx_word' id='word_1_257' title='bbox 293 3063 492 3133; x_wconf 84' lang='lat' dir='ltr'>vosmetipsos</span> <span class='ocrx_word' id='word_1_258' title='bbox 507 3059 629 3120; x_wconf 87' lang='lat' dir='ltr'>habetis.</span> <span class='ocrx_word' id='word_1_259' title='bbox 653 3063 728 3122; x_wconf 86' lang='lat' dir='ltr'>Nam</span> <span class='ocrx_word' id='word_1_260' title='bbox 741 3063 843 3124; x_wconf 82' lang='lat' dir='ltr'>videor</span> <span class='ocrx_word' id='word_1_261' title='bbox 854 3065 914 3138; x_wconf 85' lang='lat' dir='ltr'>jam</span> <span class='ocrx_word' id='word_1_262' title='bbox 929 3080 980 3124; x_wconf 84' lang='lat' dir='ltr'>vos</span> <span class='ocrx_word' id='word_1_263' title='bbox 996 3079 1030 3123; x_wconf 92' lang='lat' dir='ltr'>eo</span> <span class='ocrx_word' id='word_1_264' title='bbox 1045 3068 1185 3138; x_wconf 88' lang='lat' dir='ltr'>spectare,</span> <span class='ocrx_word' id='word_1_265' title='bbox 1202 3071 1237 3124; x_wconf 90' lang='lat' dir='ltr'>ut</span> <span class='ocrx_word' id='word_1_266' title='bbox 1250 3056 1358 3137; x_wconf 73' lang='lat' dir='ltr'>pedibus</span> 
     </span>
     <span class='ocr_line' id='line_1_27' title="bbox 202 3167 1357 3242; baseline -0.002 -16"><span class='ocrx_word' id='word_1_267' title='bbox 202 3168 232 3226; x_wconf 88' lang='lat' dir='ltr'>in</span> <span class='ocrx_word' id='word_1_268' title='bbox 247 3168 417 3226; x_wconf 89' lang='lat' dir='ltr'>sententiam</span> <span class='ocrx_word' id='word_1_269' title='bbox 434 3167 550 3224; x_wconf 89' lang='lat' dir='ltr'>caesaris</span> <span class='ocrx_word' id='word_1_270' title='bbox 565 3167 647 3226; x_wconf 86' lang='lat' dir='ltr'>eatis.</span> <span class='ocrx_word' id='word_1_271' title='bbox 670 3167 796 3228; x_wconf 89' lang='lat' dir='ltr'>Verbum</span> <span class='ocrx_word' id='word_1_272' title='bbox 811 3175 906 3228; x_wconf 87' lang='lat' dir='ltr'>autem</span> <span class='ocrx_word' id='word_1_273' title='bbox 921 3170 967 3228; x_wconf 89' lang='lat' dir='ltr'>dei</span> <span class='ocrx_word' id='word_1_274' title='bbox 983 3174 1013 3228; x_wconf 90' lang='lat' dir='ltr'>et</span> <span class='ocrx_word' id='word_1_275' title='bbox 1027 3170 1158 3229; x_wconf 88' lang='lat' dir='ltr'>assiduus</span> <span class='ocrx_word' id='word_1_276' title='bbox 1172 3169 1259 3242; x_wconf 86' lang='lat' dir='ltr'>hujus</span> <span class='ocrx_word' id='word_1_277' title='bbox 1274 3172 1357 3224; x_wconf 71' lang='lat' dir='ltr'>comes</span> 
     </span>
     <span class='ocr_line' id='line_1_28' title="bbox 201 3271 1356 3349; baseline -0.001 -16"><span class='ocrx_word' id='word_1_278' title='bbox 201 3288 271 3333; x_wconf 87' lang='lat' dir='ltr'>crux</span> <span class='ocrx_word' id='word_1_279' title='bbox 285 3271 414 3332; x_wconf 90' lang='lat' dir='ltr'>homines</span> <span class='ocrx_word' id='word_1_280' title='bbox 428 3272 557 3346; x_wconf 84' lang='lat' dir='ltr'>requirit,</span> <span class='ocrx_word' id='word_1_281' title='bbox 573 3273 622 3345; x_wconf 88' lang='lat' dir='ltr'>qui</span> <span class='ocrx_word' id='word_1_282' title='bbox 638 3273 783 3347; x_wconf 87' lang='lat' dir='ltr'>quippiam</span> <span class='ocrx_word' id='word_1_283' title='bbox 798 3275 843 3334; x_wconf 85' lang='lat' dir='ltr'>uel</span> <span class='ocrx_word' id='word_1_284' title='bbox 859 3275 920 3349; x_wconf 91' lang='lat' dir='ltr'>ejus</span> <span class='ocrx_word' id='word_1_285' title='bbox 942 3275 1036 3349; x_wconf 80' lang='lat' dir='ltr'>gratia</span> <span class='ocrx_word' id='word_1_286' title='bbox 1051 3276 1182 3337; x_wconf 86' lang='lat' dir='ltr'>amittere</span> <span class='ocrx_word' id='word_1_287' title='bbox 1197 3275 1245 3336; x_wconf 80' lang='lat' dir='ltr'>vel</span> <span class='ocrx_word' id='word_1_288' title='bbox 1259 3273 1356 3342; x_wconf 79' lang='lat' dir='ltr'>impen-</span> 
     </span>
     <span class='ocr_line' id='line_1_29' title="bbox 200 3375 1355 3454; baseline -0.004 -14"><span class='ocrx_word' id='word_1_289' title='bbox 200 3379 268 3440; x_wconf 86' lang='lat' dir='ltr'>dere</span> <span class='ocrx_word' id='word_1_290' title='bbox 283 3379 380 3440; x_wconf 84' lang='lat' dir='ltr'>velint</span> <span class='ocrx_word' id='word_1_291' title='bbox 405 3375 476 3437; x_wconf 79' lang='lat' dir='ltr'>Cum</span> <span class='ocrx_word' id='word_1_292' title='bbox 490 3383 586 3438; x_wconf 89' lang='lat' dir='ltr'>autem</span> <span class='ocrx_word' id='word_1_293' title='bbox 600 3395 651 3438; x_wconf 88' lang='lat' dir='ltr'>vos</span> <span class='ocrx_word' id='word_1_294' title='bbox 666 3378 687 3437; x_wconf 93' lang='lat' dir='ltr'>ii</span> <span class='ocrx_word' id='word_1_295' title='bbox 702 3379 773 3454; x_wconf 91' lang='lat' dir='ltr'>sitis,</span> <span class='ocrx_word' id='word_1_296' title='bbox 796 3381 845 3454; x_wconf 91' lang='lat' dir='ltr'>qui</span> <span class='ocrx_word' id='word_1_297' title='bbox 860 3381 1009 3440; x_wconf 88' lang='lat' dir='ltr'>commoda</span> <span class='ocrx_word' id='word_1_298' title='bbox 1023 3386 1120 3440; x_wconf 85' lang='lat' dir='ltr'>vestra</span> <span class='ocrx_word' id='word_1_299' title='bbox 1134 3381 1224 3454; x_wconf 82' lang='lat' dir='ltr'>magis</span> <span class='ocrx_word' id='word_1_300' title='bbox 1241 3382 1270 3440; x_wconf 90' lang='lat' dir='ltr'>et</span> <span class='ocrx_word' id='word_1_301' title='bbox 1283 3380 1355 3435; x_wconf 76' lang='lat' dir='ltr'>ban·</span> 
     </span>
     <span class='ocr_line' id='line_1_30' title="bbox 200 3484 1162 3560; baseline 0 -16"><span class='ocrx_word' id='word_1_302' title='bbox 200 3486 369 3558; x_wconf 88' lang='lat' dir='ltr'>quillitatem</span> <span class='ocrx_word' id='word_1_303' title='bbox 383 3485 534 3559; x_wconf 71' lang='lat' dir='ltr'>respicitis</span> <span class='ocrx_word' id='word_1_304' title='bbox 550 3484 671 3560; x_wconf 90' lang='lat' dir='ltr'>potestis</span> <span class='ocrx_word' id='word_1_305' title='bbox 686 3486 826 3560; x_wconf 87' lang='lat' dir='ltr'>accipere.</span> <span class='ocrx_word' id='word_1_306' title='bbox 850 3485 947 3544; x_wconf 82' lang='lat' dir='ltr'>Aesis</span> <span class='ocrx_word' id='word_1_307' title='bbox 963 3485 1094 3546; x_wconf 91' lang='lat' dir='ltr'>dimissus</span> <span class='ocrx_word' id='word_1_308' title='bbox 1110 3491 1162 3546; x_wconf 86' lang='lat' dir='ltr'>est.</span> 
     </span>
    </p>

    <p class='ocr_par' dir='ltr' id='par_1_3' title="bbox 197 3575 1353 3981">
     <span class='ocr_line' id='line_1_31' title="bbox 289 3575 1353 3664; baseline 0.006 -17"><span class='ocrx_word' id='word_1_309' title='bbox 289 3589 426 3649; x_wconf 81' lang='lat' dir='ltr'>Consules</span> <span class='ocrx_word' id='word_1_310' title='bbox 446 3597 542 3650; x_wconf 89' lang='lat' dir='ltr'>autem</span> <span class='ocrx_word' id='word_1_311' title='bbox 562 3597 591 3650; x_wconf 88' lang='lat' dir='ltr'>et</span> <span class='ocrx_word' id='word_1_312' title='bbox 611 3597 726 3651; x_wconf 89' lang='lat' dir='ltr'>senatus</span> <span class='ocrx_word' id='word_1_313' title='bbox 746 3591 894 3650; x_wconf 85' lang='lat' dir='ltr'>conventis</span> <span class='ocrx_word' id='word_1_314' title='bbox 918 3592 1089 3664; x_wconf 89' lang='lat' dir='ltr'>primoribus</span> <span class='ocrx_word' id='word_1_315' title='bbox 1112 3592 1191 3651; x_wconf 90' lang='lat' dir='ltr'>urbis</span> <span class='ocrx_word' id='word_1_316' title='bbox 1212 3596 1241 3650; x_wconf 89' lang='lat' dir='ltr'>et</span> <span class='ocrx_word' id='word_1_317' title='bbox 1260 3587 1293 3649; x_wconf 87' lang='lat' dir='ltr'>iis</span> <span class='ocrx_word' id='word_1_318' title='bbox 1313 3575 1353 3653; x_wconf 67' lang='lat' dir='ltr'>‘lm&#39;</span> 
     </span>
     <span class='ocr_line' id='line_1_32' title="bbox 199 3675 1350 3774; baseline 0.003 -26"><span class='ocrx_word' id='word_1_319' title='bbox 199 3691 287 3750; x_wconf 88' lang='lat' dir='ltr'>telam</span> <span class='ocrx_word' id='word_1_320' title='bbox 300 3691 375 3750; x_wconf 89' lang='lat' dir='ltr'>hane</span> <span class='ocrx_word' id='word_1_321' title='bbox 390 3695 449 3754; x_wconf 84' lang='lat' dir='ltr'>tesi</span> <span class='ocrx_word' id='word_1_322' title='bbox 464 3694 608 3768; x_wconf 84' lang='lat' dir='ltr'>volebant,</span> <span class='ocrx_word' id='word_1_323' title='bbox 625 3696 752 3756; x_wconf 88' lang='lat' dir='ltr'>edicunt:</span> <span class='ocrx_word' id='word_1_324' title='bbox 777 3695 851 3768; x_wconf 77' lang='lat' dir='ltr'>Quia</span> <span class='ocrx_word' id='word_1_325' title='bbox 871 3713 996 3758; x_wconf 84' lang='lat' dir='ltr'>casarea</span> <span class='ocrx_word' id='word_1_326' title='bbox 1009 3675 1147 3772; x_wconf 55' lang='lat' dir='ltr'>maestes</span> <span class='ocrx_word' id='word_1_327' title='bbox 1162 3697 1209 3774; x_wconf 90' lang='lat' dir='ltr'>(iis</span> <span class='ocrx_word' id='word_1_328' title='bbox 1225 3696 1295 3756; x_wconf 87' lang='lat' dir='ltr'>euim</span> <span class='ocrx_word' id='word_1_329' title='bbox 1308 3697 1350 3746; x_wconf 71' lang='lat' dir='ltr'>tl·</span> 
     </span>
     <span class='ocr_line' id='line_1_33' title="bbox 200 3789 1349 3878; baseline 0.003 -24"><span class='ocrx_word' id='word_1_330' title='bbox 200 3794 343 3854; x_wconf 92' lang='lat' dir='ltr'>dientibus</span> <span class='ocrx_word' id='word_1_331' title='bbox 362 3797 477 3855; x_wconf 89' lang='lat' dir='ltr'>iuterim</span> <span class='ocrx_word' id='word_1_332' title='bbox 492 3800 563 3859; x_wconf 92' lang='lat' dir='ltr'>illud</span> <span class='ocrx_word' id='word_1_333' title='bbox 576 3801 680 3861; x_wconf 89' lang='lat' dir='ltr'>laetum</span> <span class='ocrx_word' id='word_1_334' title='bbox 696 3801 751 3876; x_wconf 87' lang='lat' dir='ltr'>est)</span> <span class='ocrx_word' id='word_1_335' title='bbox 767 3805 838 3878; x_wconf 88' lang='lat' dir='ltr'>haee,</span> <span class='ocrx_word' id='word_1_336' title='bbox 853 3819 917 3878; x_wconf 80' lang='lat' dir='ltr'>qnae</span> <span class='ocrx_word' id='word_1_337' title='bbox 936 3804 993 3878; x_wconf 80' lang='lat' dir='ltr'>legi</span> <span class='ocrx_word' id='word_1_338' title='bbox 1009 3803 1139 3877; x_wconf 86' lang='lat' dir='ltr'>audistis,</span> <span class='ocrx_word' id='word_1_339' title='bbox 1156 3819 1219 3862; x_wconf 90' lang='lat' dir='ltr'>eum</span> <span class='ocrx_word' id='word_1_340' title='bbox 1234 3789 1349 3861; x_wconf 76' lang='lat' dir='ltr'>neonu-</span> 
     </span>
     <span class='ocr_line' id='line_1_34' title="bbox 197 3901 1348 3981; baseline 0.003 -21"><span class='ocrx_word' id='word_1_341' title='bbox 197 3901 261 3977; x_wconf 91' lang='lat' dir='ltr'>bus,</span> <span class='ocrx_word' id='word_1_342' title='bbox 277 3901 454 3977; x_wconf 90' lang='lat' dir='ltr'>principibus</span> <span class='ocrx_word' id='word_1_343' title='bbox 471 3908 500 3962; x_wconf 90' lang='lat' dir='ltr'>et</span> <span class='ocrx_word' id='word_1_344' title='bbox 515 3903 663 3964; x_wconf 84' lang='lat' dir='ltr'>ordinibus</span> <span class='ocrx_word' id='word_1_345' title='bbox 678 3909 791 3981; x_wconf 90' lang='lat' dir='ltr'>imperii</span> <span class='ocrx_word' id='word_1_346' title='bbox 806 3907 948 3968; x_wconf 86' lang='lat' dir='ltr'>ordinavit</span> <span class='ocrx_word' id='word_1_347' title='bbox 968 3914 997 3968; x_wconf 90' lang='lat' dir='ltr'>et</span> <span class='ocrx_word' id='word_1_348' title='bbox 1011 3909 1072 3967; x_wconf 89' lang='lat' dir='ltr'>haee</span> <span class='ocrx_word' id='word_1_349' title='bbox 1087 3909 1196 3968; x_wconf 83' lang='lat' dir='ltr'>seruari</span> <span class='ocrx_word' id='word_1_350' title='bbox 1211 3908 1282 3968; x_wconf 87' lang='lat' dir='ltr'>sario</span> <span class='ocrx_word' id='word_1_351' title='bbox 1296 3902 1348 3975; x_wconf 70' lang='lat' dir='ltr'>jis·</span> 
     </span>
    </p>
   </div>
   <div class='ocr_carea' id='block_1_3' title="bbox 97 4005 1349 4085">
    <p class='ocr_par' dir='ltr' id='par_1_4' title="bbox 97 4005 1349 4085">
     <span class='ocr_line' id='line_1_35' title="bbox 97 4005 1349 4085; baseline 0.001 -18"><span class='ocrx_word' id='word_1_352' title='bbox 97 4077 101 4084; x_wconf 42' lang='grc'>,</span> <span class='ocrx_word' id='word_1_353' title='bbox 198 4009 245 4082; x_wconf 91' lang='lat' dir='ltr'>sit,</span> <span class='ocrx_word' id='word_1_354' title='bbox 261 4023 314 4068; x_wconf 89' lang='lat' dir='ltr'>nos</span> <span class='ocrx_word' id='word_1_355' title='bbox 329 4005 555 4083; x_wconf 86' lang='lat' dir='ltr'>considerantes,</span> <span class='ocrx_word' id='word_1_356' title='bbox 579 4009 604 4066; x_wconf 92' lang='lat' dir='ltr'>si</span> <span class='ocrx_word' id='word_1_357' title='bbox 623 4011 685 4082; x_wconf 88' lang='lat' dir='ltr'>ejus</span> <span class='ocrx_word' id='word_1_358' title='bbox 705 4012 845 4072; x_wconf 84' lang='lat' dir='ltr'>voluntati</span> <span class='ocrx_word' id='word_1_359' title='bbox 863 4015 894 4073; x_wconf 94' lang='lat' dir='ltr'>in</span> <span class='ocrx_word' id='word_1_360' title='bbox 914 4013 969 4073; x_wconf 88' lang='lat' dir='ltr'>hac</span> <span class='ocrx_word' id='word_1_361' title='bbox 987 4014 1059 4074; x_wconf 91' lang='lat' dir='ltr'>urbe</span> <span class='ocrx_word' id='word_1_362' title='bbox 1073 4014 1234 4085; x_wconf 79' lang='lat' dir='ltr'>resistatur,</span> <span class='ocrx_word' id='word_1_363' title='bbox 1258 4006 1349 4085; x_wconf 66' lang='lat' dir='ltr'>qualit</span> 
     </span>
    </p>
   </div>
   <div class='ocr_carea' id='block_1_4' title="bbox 196 4105 1348 4506">
    <p class='ocr_par' dir='ltr' id='par_1_5' title="bbox 196 4105 1348 4506">
     <span class='ocr_line' id='line_1_36' title="bbox 198 4105 1348 4192; baseline 0.003 -22"><span class='ocrx_word' id='word_1_364' title='bbox 198 4114 327 4187; x_wconf 90' lang='lat' dir='ltr'>pericula</span> <span class='ocrx_word' id='word_1_365' title='bbox 346 4111 412 4172; x_wconf 87' lang='lat' dir='ltr'>huic</span> <span class='ocrx_word' id='word_1_366' title='bbox 431 4112 595 4186; x_wconf 88' lang='lat' dir='ltr'>reipublicae</span> <span class='ocrx_word' id='word_1_367' title='bbox 617 4113 796 4191; x_wconf 89' lang='lat' dir='ltr'>immineant,</span> <span class='ocrx_word' id='word_1_368' title='bbox 822 4123 850 4177; x_wconf 92' lang='lat' dir='ltr'>et</span> <span class='ocrx_word' id='word_1_369' title='bbox 873 4119 1050 4192; x_wconf 88' lang='lat' dir='ltr'>potissimum</span> <span class='ocrx_word' id='word_1_370' title='bbox 1070 4134 1126 4192; x_wconf 94' lang='lat' dir='ltr'>quo</span> <span class='ocrx_word' id='word_1_371' title='bbox 1146 4116 1209 4177; x_wconf 81' lang='lat' dir='ltr'>lec</span> <span class='ocrx_word' id='word_1_372' title='bbox 1223 4105 1348 4178; x_wconf 78' lang='lat' dir='ltr'>oruntio</span> 
     </span>
     <span class='ocr_line' id='line_1_37' title="bbox 198 4217 1346 4299; baseline 0.006 -26"><span class='ocrx_word' id='word_1_373' title='bbox 198 4217 258 4275; x_wconf 87' lang='lat' dir='ltr'>sive</span> <span class='ocrx_word' id='word_1_374' title='bbox 274 4217 428 4277; x_wconf 84' lang='lat' dir='ltr'>declaratio</span> <span class='ocrx_word' id='word_1_375' title='bbox 449 4219 563 4278; x_wconf 68' lang='lat' dir='ltr'>eaesms</span> <span class='ocrx_word' id='word_1_376' title='bbox 585 4219 620 4278; x_wconf 89' lang='lat' dir='ltr'>de</span> <span class='ocrx_word' id='word_1_377' title='bbox 642 4219 781 4293; x_wconf 83' lang='lat' dir='ltr'>religione</span> <span class='ocrx_word' id='word_1_378' title='bbox 795 4237 853 4281; x_wconf 89' lang='lat' dir='ltr'>non</span> <span class='ocrx_word' id='word_1_379' title='bbox 869 4230 1009 4299; x_wconf 89' lang='lat' dir='ltr'>perpetuo</span> <span class='ocrx_word' id='word_1_380' title='bbox 1031 4223 1068 4281; x_wconf 92' lang='lat' dir='ltr'>sit</span> <span class='ocrx_word' id='word_1_381' title='bbox 1083 4223 1134 4282; x_wconf 92' lang='lat' dir='ltr'>sed</span> <span class='ocrx_word' id='word_1_382' title='bbox 1148 4223 1262 4284; x_wconf 89' lang='lat' dir='ltr'>iuterim</span> <span class='ocrx_word' id='word_1_383' title='bbox 1276 4219 1346 4280; x_wconf 85' lang='lat' dir='ltr'>dura·</span> 
     </span>
     <span class='ocr_line' id='line_1_38' title="bbox 196 4317 1348 4403; baseline 0.007 -26"><span class='ocrx_word' id='word_1_384' title='bbox 196 4323 273 4396; x_wconf 85' lang='lat' dir='ltr'>tura,</span> <span class='ocrx_word' id='word_1_385' title='bbox 289 4322 474 4398; x_wconf 89' lang='lat' dir='ltr'>quoadusque</span> <span class='ocrx_word' id='word_1_386' title='bbox 489 4325 647 4400; x_wconf 87' lang='lat' dir='ltr'>concilium,</span> <span class='ocrx_word' id='word_1_387' title='bbox 664 4325 741 4399; x_wconf 92' lang='lat' dir='ltr'>quod</span> <span class='ocrx_word' id='word_1_388' title='bbox 752 4327 812 4401; x_wconf 89' lang='lat' dir='ltr'>jam</span> <span class='ocrx_word' id='word_1_389' title='bbox 827 4323 975 4389; x_wconf 89' lang='lat' dir='ltr'>inferibus</span> <span class='ocrx_word' id='word_1_390' title='bbox 987 4333 1040 4403; x_wconf 92' lang='lat' dir='ltr'>est,</span> <span class='ocrx_word' id='word_1_391' title='bbox 1051 4332 1160 4388; x_wconf 87' lang='lat' dir='ltr'>certum</span> <span class='ocrx_word' id='word_1_392' title='bbox 1175 4327 1245 4402; x_wconf 92' lang='lat' dir='ltr'>quid</span> <span class='ocrx_word' id='word_1_393' title='bbox 1258 4317 1348 4385; x_wconf 66' lang='lat' dir='ltr'>satuti</span> 
     </span>
     <span class='ocr_line' id='line_1_39' title="bbox 197 4417 1346 4506; baseline 0.015 -24"><span class='ocrx_word' id='word_1_394' title='bbox 197 4429 262 4498; x_wconf 81' lang='lat' dir='ltr'>etc,</span> <span class='ocrx_word' id='word_1_395' title='bbox 277 4425 471 4500; x_wconf 89' lang='lat' dir='ltr'>imperatoriae</span> <span class='ocrx_word' id='word_1_396' title='bbox 485 4431 628 4503; x_wconf 75' lang='lat' dir='ltr'>maiestati</span> <span class='ocrx_word' id='word_1_397' title='bbox 642 4447 751 4492; x_wconf 90' lang='lat' dir='ltr'>morem</span> <span class='ocrx_word' id='word_1_398' title='bbox 766 4448 867 4506; x_wconf 82' lang='lat' dir='ltr'>gerere</span> <span class='ocrx_word' id='word_1_399' title='bbox 882 4434 1042 4494; x_wconf 87' lang='lat' dir='ltr'>statuimus.</span> <span class='ocrx_word' id='word_1_400' title='bbox 1079 4433 1120 4494; x_wconf 86' lang='lat' dir='ltr'>Et</span> <span class='ocrx_word' id='word_1_401' title='bbox 1137 4449 1205 4496; x_wconf 81' lang='lat' dir='ltr'>mox</span> <span class='ocrx_word' id='word_1_402' title='bbox 1219 4417 1346 4500; x_wconf 58' lang='lat' dir='ltr'>amadati</span> 
     </span>
    </p>
   </div>
   <div class='ocr_carea' id='block_1_5' title="bbox 0 0 1488 4900">
    <p class='ocr_par' dir='ltr' id='par_1_6' title="bbox 0 0 1488 4900">
     <span class='ocr_line' id='line_1_40' title="bbox 0 0 1488 4900; baseline 0 0"><span class='ocrx_word' id='word_1_403' title='bbox 0 0 1488 4900; x_wconf 95' lang='lat' dir='ltr'> </span> 
     </span>
    </p>
   </div>
  </div>
 </body>
</html>
