3028 4894
771 306 811 373 ll

290 487 409 550 werdae
423 486 662 564 splendidissimae
677 488 876 565 Fuggerornm
891 487 967 550 aedes
981 490 1124 550 deantur.
1154 489 1259 552 Adhuc
1271 491 1376 552 ibidem

200 594 343 668 evangelii
356 593 518 655 doctrinam
532 596 668 654 retinent.

290 699 485 760 Intelleximus
505 705 536 760 et
555 699 701 776 shospite
717 699 859 760 Simonem
875 717 893 761 a
908 700 1020 763 Wende
1034 716 1092 760 non
1112 700 1184 762 adeo
1204 702 1280 762 bona
1300 703 1376 762 vale·

202 805 302 864 tudine
323 806 353 864 in
372 806 496 880 patriam
514 806 635 865 venisse.
674 805 843 866 Werdensis
865 805 965 865 civitas
986 821 1005 864 a
1027 805 1234 882 weissenburg
1254 808 1377 868 miliaria

203 911 341 986 quinque,
362 911 400 970 ab
412 909 545 986 Angusta
558 926 610 970 sex
626 909 723 971 distat.
752 911 828 970 Ante
843 915 941 985 portas
956 908 1036 971 urbis
1052 911 1099 972 die
1115 913 1254 973 Warmitz
1270 915 1300 972 in
1314 912 1374 973 Da-

202 1016 319 1076 nubium
332 1013 436 1076 influit.
454 1027 462 1038 ·

289 1121 349 1195 xiiij
364 1120 474 1194 Aprilis
494 1138 512 1180 a
527 1120 636 1182 Werdo
655 1120 693 1180 ad
707 1119 871 1181 Danubium
890 1126 972 1180 recta
990 1120 1150 1196 Augustam
1164 1121 1376 1183 vindelicorum

201 1225 352 1286 tendimus.
391 1225 461 1299 Quae
475 1226 506 1284 in
520 1227 568 1286 via
581 1225 761 1300 inspicienda
781 1229 878 1300 erant,
903 1227 928 1284 si
942 1225 1021 1287 Dens
1041 1226 1158 1302 lavent,
1182 1229 1213 1286 in
1226 1228 1323 1289 reditu
1338 1228 1376 1288 ad

202 1332 326 1408 patriam
340 1331 571 1391 considerentur.

290 1436 429 1512 Augustae
442 1437 557 1498 circiter
569 1434 724 1496 secundam
736 1436 962 1510 pomeridianam
971 1435 1127 1510 hospitium
1137 1438 1287 1512 immamus,
1300 1437 1376 1498 infra

202 1543 316 1602 tertiam
332 1549 362 1602 et
377 1547 510 1617 quamam
524 1543 610 1602 horas
630 1558 694 1601 cnm
708 1540 896 1615 wendelino,
920 1539 1038 1600 Liborio
1056 1557 1090 1601 ae
1104 1541 1262 1602 Melchiore
1281 1544 1374 1603 consi-

202 1648 271 1707 lium
285 1649 396 1707 initum.

289 1753 435 1813 Adrianus
455 1769 474 1813 a
491 1753 614 1812 Zertzen
632 1751 750 1812 Emeum
769 1752 887 1812 nothum
907 1753 1060 1814 azertzen
1080 1755 1221 1829 expiscari
1242 1755 1318 1815 misit
1337 1770 1375 1815 an

202 1859 359 1920 Wolradus
375 1874 488 1934 quoque
502 1858 625 1919 adesset.

290 1963 467 2024 coloniensis
481 1965 620 2040 polypum
634 1965 703 2039 agit.

289 2069 423 2130 Liborius
437 2075 468 2131 ct
480 2069 623 2130 Melchior
636 2069 716 2129 missi
731 2074 798 2129 sont
813 2069 851 2131 ad
865 2071 998 2130 comitem
1007 2068 1189 2131 Wilhelmum
1205 2068 1374 2143 deNassao,

200 2181 234 2236 ut
248 2191 312 2235 eum
326 2180 355 2234 et
372 2175 408 2234 de
422 2175 548 2235 adventu
567 2181 665 2237 nostro
685 2176 838 2236 certiorem
857 2157 986 2237 facerent
1006 2175 1121 2248 etquid
1141 2173 1216 2234 facto
1231 2149 1373 2249 opns'pu-

198 2287 285 2356 taret,
301 2281 469 2342 ediscerent.
498 2283 661 2357 Injunctum
676 2299 790 2356 quoque
805 2281 934 2355 catillis,
951 2286 984 2341 nt
998 2282 1109 2341 comitis
1125 2278 1264 2340 Samuelis
1279 2280 1375 2338 memi-

199 2389 303 2447 nerint.
327 2386 417 2447 Iidem
431 2388 550 2462 reversi,
567 2387 636 2461 qnid
651 2385 757 2446 dixerit
771 2401 864 2445 eomes
880 2385 916 2444 de
931 2385 1059 2460 Nassau,
1075 2386 1246 2459 retulerunt,
1263 2401 1297 2443 ac
1312 2385 1374 2457 ejus

199 2494 313 2554 nomine
332 2509 386 2552 nos
408 2492 447 2552 ad
466 2507 578 2552 coenam
591 2493 759 2552 invitarunt.
797 2490 841 2550 Aa
859 2491 946 2564 paulo
968 2497 1035 2565 post
1053 2505 1147 2550 comes
1167 2491 1230 2563 ipse
1249 2489 1374 2562 advenit,

199 2600 298 2661 volens
318 2598 473 2673 hospitium
493 2602 621 2658 nostrum
640 2597 794 2671 accedere,
817 2611 916 2657 rerum
931 2610 998 2668 nos,
1022 2601 1054 2656 ut
1069 2595 1177 2669 decuit,
1200 2593 1242 2652 illi
1261 2594 1374 2656 obviam

199 2703 269 2764 facti
284 2721 348 2764 enm
362 2704 393 2762 in
407 2702 523 2762 domum
537 2719 618 2762 snam
633 2703 760 2762 comitati
777 2717 883 2761 snmus.
912 2700 999 2775 Apud
1012 2701 1088 2759 hune
1102 2701 1208 2760 coenati
1223 2705 1289 2759 sunt
1299 2698 1372 2759 Ooo-

198 2809 287 2869 radns
302 2825 321 2867 a
334 2795 526 2882 Boumelbnrg
541 2823 628 2881 eques
644 2811 777 2882 auratus,
794 2806 911 2865 natione
927 2805 1041 2881 dactus,
1059 2807 1157 2880 junior
1172 2821 1265 2866 eomes
1280 2806 1372 2886 Erne-

200 2921 260 2974 stus
276 2931 294 2973 a
309 2913 416 2986 Solus,
437 2913 633 2993 llartmannus
653 2910 889 2986 acronenbnrg,
911 2911 1054 2972 Adrianus
1075 2913 1229 2972 aZertzen
1244 2917 1273 2972 et
1287 2910 1377 2973 Wolff

200 3018 372 3095 Welbergk,
388 3035 477 3094 gener
492 3020 596 3094 equitis
611 3035 630 3078 a
644 3018 851 3093 Beameburg,
868 3019 984 3078 comites
999 3035 1017 3078 a
1031 3017 1172 3080 Waldeck
1187 3023 1318 3092 quatuor.

289 3124 448 3204 thulimus
468 3125 563 3184 comiti
583 3123 736 3184 Wilhelmo
756 3123 868 3183 litteras
888 3123 995 3184 dondni
1013 3126 1133 3185 senioris
1154 3122 1372 3196 aHenneburg.

201 3229 369 3291 Wilhelmos
382 3231 506 3304 ingenue
521 3233 551 3289 et
566 3227 717 3289 confitetur
729 3235 759 3290 et
769 3233 892 3289 testatur
904 3245 1031 3290 amorem
1045 3231 1175 3290 veritatis
1190 3229 1371 3302 evangelicae.

289 3336 368 3395 Nota
384 3335 420 3394 de
434 3335 625 3395 Maximiliani
640 3333 675 3394 de
689 3335 805 3394 Benren
819 3350 930 3408 mensa,
954 3334 993 3394 ad
1007 3337 1088 3409 eujus
1108 3351 1195 3394 mum
1215 3336 1290 3394 latus
1305 3334 1371 3392 mis-

200 3457 261 3502 sam
280 3438 421 3504 celebrari
439 3438 564 3513 iecerat,
585 3444 615 3500 et
628 3440 659 3498 in
674 3439 774 3500 eodem
788 3439 852 3500 loeo
867 3455 918 3499 sex
933 3439 1022 3498 millia
1036 3439 1181 3497 nummdm
1196 3441 1260 3498 alea
1275 3436 1372 3510 perdi·
1414 3457 1415 3462 ¹

199 3545 284 3621 disse,
300 3545 339 3606 ad
353 3545 475 3604 alterum
488 3545 564 3604 latus
580 3548 674 3605 scorto
688 3560 720 3603 se
732 3543 918 3604 immiscuisse
933 3546 963 3601 et
974 3541 1038 3602 alea
1050 3547 1175 3615 quotuor
1188 3543 1278 3602 millia
1293 3558 1373 3602 coro-

200 3657 335 3712 natorum
348 3664 534 3725 recuperasse
549 3649 688 3724 gloriatus
703 3650 749 3708 sit.
791 3663 799 3674 ¹

289 3755 391 3815 Comes
411 3755 564 3816 ellassam
578 3759 638 3814 tarn
652 3751 776 3815 fideliter
796 3753 952 3829 consuluit,
975 3771 1012 3814 ne
1027 3752 1205 3816 boloniensis
1226 3771 1312 3816 causa
1326 3755 1374 3816 hic

200 3860 420 3920 examinaretur.

288 3964 490 4027 Fordinandus
523 3981 576 4025 rex
605 3970 636 4024 et
663 3965 779 4026 Ulricus
803 3964 1053 4042 wirtenbergcnsis
1086 3965 1144 4026 dux
1172 3967 1251 4028 litem
1279 3975 1373 4029 conte-

199 4073 268 4132 stati
291 4077 366 4132 sunt.

288 4177 490 4237 Potentissime
505 4176 595 4251 Deus,
610 4176 660 4250 qui
675 4175 753 4236 solus
768 4176 903 4237 Ecratori
917 4175 1062 4251 potentior
1077 4191 1117 4250 es,
1133 4177 1233 4252 mitiga
1247 4195 1296 4238 cor
1310 4180 1373 4252 ejus

199 4299 235 4343 ac
250 4282 287 4343 da
298 4282 381 4342 nobis
393 4282 550 4343 subsistere
564 4298 598 4342 ae
610 4283 732 4342 nominis
744 4281 787 4341 tui
800 4285 921 4359 gloriam
932 4289 1076 4356 expetere,
1092 4298 1145 4356 per
1162 4281 1307 4342 dominum
1317 4289 1372 4344 etc.

289 4387 405 4450 Adsunt
426 4387 564 4464 Augustae
587 4388 783 4450 Romanorum
810 4389 967 4466 imperator
989 4393 1020 4449 et
1037 4403 1105 4463 ren,
1130 4387 1267 4448 electores
1289 4389 1372 4451 ambo
