3028 4894
727 258 749 324 8

150 445 221 506 steri
241 443 437 504 colmariensis
456 442 600 517 monachi,
621 439 766 516 'quomodo
788 439 924 517 phrenesi
945 448 1095 518 correptus
1114 459 1167 520 per
1186 444 1247 506 dies
1268 441 1320 505 ali·

150 553 221 626 quot
236 547 409 610 posueratis
424 549 475 608 sit:
498 547 658 609 Damnatus
673 561 745 620 sum,
767 544 881 621 perdite
896 544 990 623 dcem,
1012 564 1030 606 a
1045 550 1154 624 magnis
1169 565 1322 626 persuasus

151 671 223 715 sum.
253 653 294 714 Et
312 670 475 730 quanquam
496 669 548 729 per
568 651 716 727 syndicum
731 651 946 712 salmoriensem
960 651 1123 712 admonitus
1138 654 1184 729 sit,
1206 671 1238 715 se
1252 655 1324 715 nihil

149 775 303 836 perperam
318 760 457 834 docuisse,
481 763 578 818 tamen
597 757 652 816 sibi
671 757 746 816 male
767 757 897 816 conscius
913 755 1022 816 nubam
1036 758 1259 820 consolationem
1274 758 1323 820 ad·

149 865 280 939 mittans,
303 860 419 924 endem
433 863 474 923 sic
488 861 672 924 vucherando
688 862 813 920 animam
827 861 982 930 exhalavit.

237 967 285 1028 Ab
306 968 407 1028 eodem
424 969 493 1029 Vito
513 966 609 1042 didici,
632 966 782 1027 Brentium
801 983 901 1026 rursus
924 967 1008 1027 Halae
1027 969 1200 1044 concionari,
1224 986 1324 1039 verum

149 1089 213 1134 cum
227 1073 264 1134 ab
279 1073 364 1134 lbere
384 1073 480 1148 aliquo
500 1071 613 1149 publice
634 1073 665 1131 in
685 1072 791 1147 templo
813 1071 912 1146 sibilis,
937 1073 1083 1133 cachinnis
1102 1079 1132 1134 et
1151 1075 1247 1135 nescio
1263 1076 1323 1151 qui-

151 1176 204 1238 bus
224 1179 340 1239 ronchis
358 1180 573 1255 molestaretur,
597 1178 744 1254 paulrdum
764 1193 816 1238 suo
838 1175 932 1238 officio
948 1179 1119 1253 supersedit.
1154 1180 1248 1256 Nunc,
1272 1181 1324 1241 sed

149 1284 223 1360 proh
238 1283 321 1346 dolor
335 1290 428 1345 utres
443 1285 508 1360 ipsa
522 1283 629 1359 docuit,
652 1283 741 1344 breve
755 1288 869 1359 tempus
884 1300 936 1344 suo
950 1283 1086 1358 iungetur
1100 1300 1227 1344 munere.
1264 1357 1268 1364 ,

91 1373 94 1378 ’
239 1389 410 1466 Accepimus
426 1405 539 1465 quoque
551 1387 644 1449 ¹filium
659 1387 778 1464 Georgii
791 1388 922 1464 Maioris,
946 1389 995 1463 qui
1013 1388 1108 1449 rabidi
1129 1389 1208 1450 canis
1228 1401 1325 1450 morsu

150 1498 287 1573 perierat,-
311 1512 370 1556 non
384 1493 473 1556 fuisse
488 1512 562 1570 eum,
586 1510 670 1570 quem
684 1493 853 1555 Ratisbonae
867 1494 998 1555 vidimus.
1030 1494 1168 1568 Tandem,
1193 1511 1229 1554 ne
1249 1496 1324 1559 bono

151 1602 214 1662 viro
229 1603 313 1660 nimis
327 1601 441 1661 molesti
455 1616 589 1675 essemus,
612 1601 656 1660 illi
670 1599 867 1672 vdemmnus,
884 1600 960 1659 bona
974 1599 1092 1673 insuper
1106 1599 1189 1660 nobis
1203 1601 1326 1660 inuicem

150 1710 312 1781 precantes.
343 1705 471 1766 Donavit
488 1719 557 1766 vero
576 1721 630 1764 nos
652 1703 783 1764 dominus
804 1702 974 1764 Theodorus
993 1705 1131 1778 psalterio
1151 1706 1323 1780 germanico,

105 1855 110 1864 .
152 1810 229 1886 qnod
243 1811 305 1886 ipse
319 1826 382 1870 cum
398 1811 457 1870 suis
472 1811 633 1871 summariis
648 1808 750 1870 excudi
764 1811 924 1882 curaverat,
941 1824 975 1868 ac
988 1825 1093 1870 nomen
1106 1811 1225 1886 propria
1239 1826 1325 1872 manu

152 1916 295 1992 ascripsit.

241 2020 301 2081 Sub
320 2035 432 2080 coenam
450 2021 533 2081 Vitus
552 2035 606 2096 per
619 2017 738 2079 filiolam
752 2033 833 2078 suam
846 2019 1063 2094 Margaretham
1077 2017 1215 2080 fratribus
1230 2024 1260 2080 et
1274 2035 1323 2081 ne-

153 2125 215 2202 poti
229 2140 264 2185 sc
277 2125 363 2185 uxori
382 2130 489 2186 rosnae
510 2125 629 2201 singulis
648 2124 816 2200 psalterium
837 2139 900 2183 cum
921 2125 979 2184 suis
999 2125 1160 2186 summariis
1180 2124 1256 2186 dono
1275 2124 1324 2186 de·
1451 2103 1455 2108 ’
1497 2127 1506 2148 ‘

154 2231 207 2304 dit,
230 2229 376 2293 Eubulum
395 2236 493 2291 autem
510 2230 585 2291 libro
604 2229 772 2290 concionum
791 2228 922 2304 suarum,
946 2230 992 2289 cui
1010 2229 1125 2290 titulum
1141 2229 1187 2291 die
1201 2230 1326 2291 Kinder·

76 2350 80 2356 ·
153 2335 283 2413 predigt,
307 2335 411 2397 donari
433 2334 502 2398 iecit
524 2339 555 2397 et
578 2333 755 2409 expositione
777 2349 830 2395 sua
856 2335 887 2394 in
908 2335 1025 2395 Esaiam
1048 2334 1217 2411 prophetam
1238 2336 1326 2397 hono

153 2441 237 2502 ravit.

241 2546 352 2611 Ibidem
367 2546 404 2607 de
418 2546 542 2608 adversa
556 2545 719 2608 valetudine
733 2545 871 2622 principis
883 2546 975 2606 nostri
988 2547 1125 2608 certiores
1139 2543 1208 2606 iacti
1220 2561 1326 2607 sumus.

154 2651 295 2728 Georgius
309 2651 497 2714 Volckmarus
512 2655 629 2713 senator
649 2655 679 2712 et
693 2653 830 2728 patricius
849 2650 1091 2727 Norinbergenais
1106 2651 1254 2712 nobiscum
1267 2669 1325 2714 coe·

67 2805 68 2808 ¹
155 2759 243 2820 navit.
276 2758 399 2819 Senatus
413 2758 481 2818 vina
496 2774 610 2833 quoqne
624 2758 708 2818 nobis
722 2757 895 2832 propinavit.

242 2861 367 2922 Domino
381 2863 450 2923 Vito
464 2878 537 2922 uxor
552 2867 597 2922 est
610 2860 786 2936 Magdalena
800 2861 923 2937 nomine,
939 2859 1014 2923 filios
1029 2862 1117 2924 hebet
1129 2863 1236 2937 Vitum,
1252 2861 1327 2922 Pau·

154 2969 227 3044 lum,
251 2967 430 3042 Philippum,
453 2965 528 3027 filias
545 2967 775 3040 Margarethum,
798 2967 931 3026 Mariam.

244 3071 435 3146 Norinbergae
450 3069 544 3132 adhuc
558 3074 603 3130 est
622 3070 753 3130 doctriua
771 3086 846 3145 pura
865 3072 1015 3147 evangelii,
1038 3088 1139 3133 verum
1154 3075 1327 3135 ecclesiasta

155 3183 291 3240 asenatu
305 3180 454 3252 rogantur,
477 3181 511 3236 ut
529 3192 548 3236 a
563 3174 708 3252 carpendo
728 3191 856 3250 quosque
871 3172 1037 3239 nominatim
1052 3178 1223 3255 abstineant,
1246 3181 1328 3240 nimi·

156 3300 221 3346 rum
235 3300 271 3345 ea
285 3283 321 3345 de
343 3298 439 3357 cansa,
462 3281 540 3356 quod
559 3281 731 3343 adversariis
751 3272 828 3342 mala
848 3282 931 3343 nobis
952 3281 1095 3344 inferendi
1116 3284 1247 3344 voluntas
1269 3300 1328 3345 non

157 3389 241 3464 desit,
264 3389 361 3465 siqua
376 3387 461 3449 detor
475 3388 589 3449 occasio
609 3393 639 3449 ot
658 3387 734 3450 bona
753 3389 784 3448 in
805 3389 930 3463 speciem
944 3389 975 3449 in
989 3390 1095 3449 malum
1109 3390 1326 3466 interpretandi.

244 3496 354 3556 Denter
374 3493 534 3556 Vencelaus
556 3493 658 3568 Lynek
679 3509 755 3556 anno
777 3493 926 3568 superiore
948 3496 1008 3555 rita
1027 3496 1090 3570 hac,
1114 3492 1241 3556 feliciore
1258 3491 1328 3556 frui-

143 3605 253 3676 turus,
277 3599 407 3661 excessit.

245 3705 345 3767 Norici
360 3704 493 3778 accusati,
517 3703 594 3779 quod
608 3704 834 3779 protestantibus
848 3705 969 3779 triginta
981 3706 1072 3767 millia
1085 3720 1238 3770 aureorum
1253 3708 1328 3769 dono

155 3809 299 3884 dederint,
315 3825 372 3884 quo
388 3810 513 3869 animum
528 3810 668 3885 rugientis
682 3811 774 3872 lconis
790 3811 994 3887 demulcerent,
1006 3811 1093 3873 iidem
1107 3813 1227 3890 triginta
1240 3813 1329 3873 millis

157 3920 358 3977 coronatorum
372 3914 447 3975 dono
463 3912 612 3975 dederunt.

244 4021 374 4096 Rothger
393 4018 437 4081 ud
456 4019 508 4081 der
526 4019 626 4095 Bergk
640 4018 786 4083 aurdaber
801 4023 955 4098 apoplexia
973 4027 1068 4084 tactem
1087 4029 1140 4098 est,
1163 4037 1262 4084 verum
1276 4019 1326 4082 ad-

157 4127 214 4189 buc
228 4134 360 4202 superest
375 4133 405 4189 et
417 4128 542 4187 uescitur
557 4143 629 4188 aura
644 4128 778 4189 aetherea.

247 4229 435 4294 Eberhardu'rs
449 4231 582 4294 Ebnerus
598 4234 711 4293 nomine
729 4233 963 4310 norimbergensis
978 4241 1093 4297 senatus
1109 4235 1233 4309 equam
1246 4233 1328 4294 nobis

163 4339 307 4418 ctbunxit,
330 4341 411 4416 cujus
425 4339 513 4402 ductu
527 4339 732 4416 weissenburg
748 4339 863 4402 deducti
877 4356 983 4402 sumus.
