3028 4894
197 483 310 559 virgiue
333 483 501 557 incorrupta
522 482 699 558 desponsare
717 489 844 559 cuperet.
890 481 966 542 Nam
989 484 1014 542 is
1038 486 1263 563 meretriculam,
1287 503 1371 561 qnam

198 595 304 664 posset,
328 589 462 648 muliebri
483 589 598 663 mundo,
623 595 728 662 torque
747 605 844 662 aureo,
868 589 981 648 annulis
1007 595 1036 649 et
1056 590 1195 662 ejusmodi
1209 609 1267 652 non
1281 595 1372 654 solum

199 700 353 754 ornaturus
363 699 448 769 esset,
464 695 533 766 quin
550 699 579 752 at
590 693 708 768 insuper
722 689 856 756 laudibus
865 693 951 767 hujus
966 694 1133 768 pudicitiam
1146 714 1240 758 mores
1250 703 1279 758 et
1293 700 1372 772 quic-

199 798 270 874 quid
289 804 366 859 esset
379 815 432 872 per
447 799 601 858 verborum
623 799 762 873 ampullas
776 816 866 874 proco
886 815 991 874 magna
1005 798 1133 860 facturus
1148 803 1194 860 sit.
1232 803 1289 863 Ubi
1303 819 1373 864 vero

198 907 285 964 miser
306 904 470 979 Glycerium
490 902 562 962 illud
585 902 708 978 (11111111,
729 905 895 965 habiturum
918 921 982 964 eum
1004 911 1034 965 et
1057 912 1181 966 scortum
1196 913 1226 968 et
1240 914 1372 969 metanea

200 1027 265 1071 eum
280 1011 421 1085 torqueri.
460 1009 524 1083 Hic,
541 1009 644 1084 inquit,
665 1008 747 1070 nobis
766 1010 849 1070 dulce
864 1011 1037 1085 praecinitur
1049 1013 1148 1072 melos.
1187 1013 1219 1073 Si
1232 1018 1327 1074 autem
1342 1015 1373 1072 in

198 1119 347 1192 proposita
362 1115 597 1191 consenserimus,
614 1117 754 1189 praeclara
768 1115 882 1190 quddam
897 1132 944 1174 res
960 1121 1012 1190 est,
1028 1133 1076 1176 res
1091 1123 1204 1178 nostras
1226 1135 1291 1177 cum
1305 1123 1370 1179 tan·

199 1229 294 1283 torum
308 1222 469 1296 principum
483 1221 581 1294 regnis
596 1225 625 1279 et
639 1221 865 1294 possessionibus
881 1236 944 1279 esse
959 1222 1063 1281 unitas.
1087 1223 1195 1281 Verum
1210 1225 1369 1283 tuccessivo

198 1335 329 1403 tempore
344 1331 444 1386 nostra
458 1327 647 1399 insumantur,
664 1331 693 1384 et
708 1327 732 1383 si
747 1325 815 1398 quid
830 1323 943 1384 adversi
957 1324 1122 1399 regionibus
1137 1326 1277 1386 dictorum
1292 1329 1371 1402 prin·

199 1435 293 1508 cipum
308 1430 453 1505 acciderit,
469 1447 522 1490 nos
536 1430 593 1488 illis
612 1429 746 1503 prasidio
769 1434 799 1488 et
818 1427 976 1489 defensioni
998 1445 1061 1490 esse
1082 1430 1234 1505 oportebit,
1259 1436 1289 1490 et
1310 1437 1370 1490 111111

199 1541 322 1614 primum
344 1537 513 1609 sentiemus,
538 1535 619 1595 nobis
642 1535 759 1595 laudato
779 1539 874 1594 scorto
897 1533 991 1594 fucum
1009 1532 1124 1594 iactum.
1169 1534 1265 1609 Atque
1284 1537 1371 1596 miser

199 1643 355 1705 monachus
371 1643 425 1701 hoc
438 1641 580 1700 mercedis
595 1655 646 1699 suo
657 1641 723 1714 joco
745 1645 795 1699 aut
810 1643 1024 1716 comparatione
1043 1642 1139 1717 potius
1154 1646 1254 1702 nactus
1269 1646 1322 1718 est,
1338 1648 1372 1703 ut

200 1754 230 1810 et
243 1749 322 1825 apud
336 1753 469 1823 potentes
483 1745 695 1821 traduceretur,
721 1763 755 1806 ac
770 1746 867 1805 Caesar
886 1747 929 1804 illi
945 1746 1075 1806 dextram
1089 1747 1120 1806 in
1134 1753 1278 1808 conventu
1292 1749 1370 1823 prin·

199 1856 296 1930 cipum
319 1871 373 1928 pro
399 1869 477 1912 more
500 1852 630 1926 praebere
652 1851 874 1911 dissimulaverit
893 1866 926 1910 ao
947 1855 1030 1912 torve
1050 1853 1120 1912 satis
1141 1854 1234 1928 ipsum
1249 1854 1369 1914 intuitus

199 1962 246 2019 sit.
270 1960 402 2019 Meretur
415 1964 512 2017 tamen
527 1959 552 2016 is
567 1955 730 2029 monachus,
748 1956 953 2030 qualiscunque
968 1958 1014 2032 sit,
1038 1957 1122 2033 htrjus
1138 1959 1247 2018 consilii
1263 1975 1280 2019 a
1295 1957 1367 2018 Ger·

200 2065 291 2126 mauis
306 2065 409 2124 merito
424 2065 554 2138 gratiam.
599 2062 818 2135 Verendumque
833 2061 899 2121 olim
914 2077 966 2121 suo
981 2062 1056 2122 malo
1072 2061 1253 2124 Germaniam
1268 2079 1370 2140 arper-

198 2177 302 2246 turam,
319 2169 389 2244 quid
401 2169 525 2230 voluerit
538 2167 585 2226 hic
600 2167 697 2227 abbas.

288 2275 355 2335 xxvi
369 2273 478 2347 Aprilis
502 2274 533 2331 iu
556 2273 662 2346 templo
677 2271 822 2332 Minorum
841 2273 903 2332 loco
923 2274 1129 2332 matutinarum
1148 2290 1265 2346 precum
1281 2290 1369 2346 quen·

199 2383 265 2442 dam
286 2381 393 2456 populo
415 2379 512 2452 aliqua
536 2395 572 2437 ex
590 2379 748 2452 Evangelio
772 2378 893 2438 loannis
913 2379 1116 2452 praelegentem
1139 2384 1170 2437 et
1183 2384 1371 2451 exponentem

199 2488 352 2548 collatione
362 2486 569 2559 scripturarum
583 2481 751 2542 1111111111.
775 2484 854 2543 Inter
862 2482 975 2554 reliqua
989 2483 1044 2541 ait:
1059 2477 1114 2554 Qui
1124 2497 1155 2540 se
1164 2481 1258 2542 Deum
1273 2499 1371 2542 amare

199 2593 350 2668 gloriatur,
366 2605 430 2648 eum
445 2589 532 2648 etiam
546 2593 576 2648 et
590 2604 690 2648 manus
707 2593 736 2646 et
750 2605 800 2648 cor
816 2589 924 2648 avitiis
940 2589 1087 2646 continere
1101 2591 1225 2661 oportet.

289 2694 401 2756 Eadem
415 2693 485 2752 mihi
498 2693 708 2767 horologiolum
723 2709 786 2750 cum
798 2681 881 2751 theca
894 2690 965 2751 ioris
980 2691 1119 2751 deaurata
1133 2708 1186 2764 pro
1198 2693 1238 2750 18
1253 2689 1372 2752 thaleris

201 2802 376 2878 comparavi.
409 2799 481 2874 Legi
503 2805 533 2858 et
546 2798 748 2874 purgationem
771 2797 863 2858 nostri
883 2797 918 2856 de
938 2796 1080 2868 colloquio
1096 2795 1297 2856 Ratisbonensi
1320 2813 1372 2871 per

201 2905 344 2966 Bucerum
359 2904 557 2978 conscriptam.

288 3010 400 3070 Eadem
414 3027 473 3070 una
487 3025 585 3069 omnes
601 3013 720 3083 excepto
730 3012 836 3084 nepote
850 3005 1003 3080 hospitium
1017 3005 1177 3067 archiducis
1186 3007 1371 3067 visitavimus.

202 3116 272 3176 Onm
295 3121 390 3176 autem
414 3115 453 3174 ad
476 3115 580 3174 atrium
600 3113 700 3173 domus
719 3115 907 3185 venissemus,
933 3112 1026 3173 edocti
1046 3112 1084 3171 ab
1104 3112 1372 3172 anteambulonibus

203 3240 308 3299 sumus,
324 3219 506 3280 archiducem
521 3235 630 3278 summo
646 3234 729 3278 mane
745 3220 841 3278 nescio
864 3235 921 3292 quo
936 3218 1049 3278 abiisse.
1088 3215 1184 3276 Aedes
1199 3217 1371 3292 1111111111-

200 3331 311 3390 cellsrii
330 3326 532 3387 atrebatensis
554 3324 739 3397 frequentare
758 3325 850 3382 visum
874 3327 926 3382 ost.
974 3321 1033 3382 Ubi
1057 3322 1124 3381 dum
1143 3323 1173 3381 in
1193 3337 1263 3380 area
1283 3321 1372 3380 curiae

203 3439 308 3495 stratos
323 3433 434 3509 lapides
449 3431 590 3504 trivimus,
611 3435 770 3504 opportune
785 3428 895 3502 Viglius
917 3427 1009 3487 adest.
1046 3427 1131 3484 Hunc
1144 3425 1276 3483 Eubulus
1290 3429 1374 3497 rogat

201 3545 243 3615 ut,
260 3541 285 3600 si
298 3542 341 3598 ita
354 3553 448 3598 sermo
463 3535 605 3609 inciderit,
628 3534 856 3593 recordationem
875 3532 967 3591 nostri
981 3529 1059 3604 apud
1079 3529 1244 3603 episcopum
1257 3527 1373 3601 haheat,

204 3645 253 3718 qui
267 3643 329 3705 iere
343 3648 409 3728 post
422 3643 524 3703 horam
539 3640 638 3704 abiens
653 3640 708 3712 ait,
733 3653 785 3697 uos
808 3635 892 3695 isthic
905 3635 976 3695 nihil
1000 3632 1114 3694 efficere
1127 3647 1223 3710 posse,
1246 3637 1373 3694 attamen
1494 3705 1506 3718 „

202 3765 233 3809 se
247 3754 353 3810 nostrae
369 3764 462 3808 causae
478 3747 651 3806 mentionem
665 3741 777 3802 fecisse.

288 3855 416 3915 loannes
438 3851 530 3912 irater
553 3855 584 3910 et
607 3849 722 3909 Samuel
744 3863 834 3923 nepos
856 3862 923 3932 cum
949 3845 1072 3906 electore
1093 3845 1208 3908 Jcanne
1226 3844 1375 3907 Friderico

202 3962 301 4034 pransi
315 3964 390 4019 suut.

290 4065 317 4124 A
332 4061 455 4140 prandio
467 4062 598 4123 Eubulus
606 4062 784 4121 licentiatum
792 4060 856 4118 Nic.
865 4057 961 4118 Maior
970 4057 1105 4130 visitavit,
1117 4056 1167 4129 qui
1176 4057 1269 4128 ipsum
1278 4053 1377 4113 huma·

204 4171 320 4230 nissime
335 4173 485 4244 exceptum
501 4169 532 4226 iu
546 4182 674 4226 museum
691 4182 773 4226 suum
788 4164 957 4238 introduxit,
973 4162 1051 4236 quod
1074 4162 1137 4218 erat
1150 4158 1232 4218 varia
1246 4159 1376 4234 egregia·

204 4293 259 4350 que
279 4276 417 4337 librorum
452 4273 626 4346 supellectile
646 4269 792 4330 refertum.
836 4272 866 4329 Is
886 4257 1000 4343 quoque
1020 4281 1072 4325 uos
1087 4262 1194 4337 libello,
1219 4263 1264 4321 cui
1278 4263 1378 4324 titulus

206 4382 301 4444 Series
324 4386 354 4443 et
369 4378 491 4456 digestio
506 4383 667 4453 temporum
681 4383 820 4438 atrorum
836 4379 889 4436 etc.
905 4370 943 4434 ab
957 4372 1084 4433 Hemico
1098 4367 1265 4444 Bullingero
1279 4367 1375 4429 elucu-
