2966 4900
666 301 731 366 253

98 479 290 555 derowegenu
321 465 555 558 zns'chreibeuu,
596 483 662 543 llud
696 483 734 541 ist
764 497 849 542 auser
882 478 1054 542 freondtlich
1081 482 1149 555 titt,
1184 481 1220 542 Ε.
1246 481 1281 541 L
1362 497 1364 503 ⁴

97 586 176 644 nolle
198 587 298 646 dieses
326 604 369 646 an
402 587 619 661 ehegenauteuu
644 585 781 647 Graffenn
800 603 876 648 vonn
896 586 1036 646 Waldeok
1058 583 1212 647 iorderlich
1232 601 1282 660 ge·

97 689 218 764 langenn
234 692 381 767 lassenn,
405 692 482 752 vuud
496 689 573 751 fleiss
588 693 717 765 habenn,
740 692 832 752 lueun
854 691 956 751 dortzn
970 691 1150 765 nubewegen,
1174 691 1226 751 wie
1241 690 1283 748 sie

97 793 150 852 deu
163 812 271 856 rusers
288 798 457 856 nersehens
473 795 539 856 wcll
553 797 688 869 werdeuu
702 798 811 856 rothun
826 798 959 872 wissenn,
980 797 1059 857 vnnd
1074 794 1140 854 vffrn
1154 793 1214 868 iall,
1232 794 1283 854 das

97 913 127 956 er
140 900 201 958 sich
218 901 333 962 damen
344 903 417 961 wolt
432 901 615 974 gebrauchen
624 904 750 977 lasseun,
766 919 799 962 so
813 906 888 961 must
902 919 935 962 er
950 901 1010 962 sich
1024 899 1138 960 nebenn
1153 899 1283 961 anderun

97 1001 169 1062 deun
192 1022 333 1065 vnsernn
357 1006 517 1068 furderlich
539 1006 581 1068 vii
598 1007 644 1068 dic
663 1007 750 1068 Reise
770 1005 921 1082 machenu,
942 1008 995 1066 wie
1018 1005 1097 1066 llrme
1113 1005 1192 1065 daun
1207 1021 1284 1066 vonn

97 1123 167 1168 runs
188 1109 234 1170 vlf
245 1111 343 1170 Ewer
366 1113 624 1173 widerschreibenn
645 1113 714 1173 neitt
733 1112 811 1172 vund
832 1111 967 1172 malstedt
989 1112 1046 1172 solt
1065 1112 1200 1185 bestimpt
1213 1127 1283 1170 ner·

98 1211 179 1288 deun,
195 1215 289 1274 Ewer
307 1217 387 1277 Lieb
401 1218 523 1277 wollenu
545 1217 605 1278 sich
623 1217 774 1278 hiarinueu
794 1215 967 1277 frenudtlich
987 1213 1067 1274 vund
1085 1216 1283 1276 vnbeschwert

99 1319 285 1394 ertneigenn‚
307 1322 368 1380 wie
384 1323 435 1382 nir
455 1338 507 1380 vus
530 1320 705 1382 freundtlioh
719 1340 754 1382 zu
769 1321 943 1383 deuselbeuu
957 1320 1124 1394 versehenu,
1140 1318 1192 1379 das
1207 1321 1283 1396 seint

97 1423 146 1479 wir
173 1423 244 1482 vmb
273 1426 314 1485 Ε.
346 1425 383 1484 L.
409 1423 583 1486 fneuudtlich
607 1426 818 1487 ruverdienenn
839 1426 966 1501 geneigt.
1004 1424 1111 1484 Datum
1136 1425 1281 1498 Weymar,

100 1525 227 1602 dinstags
243 1531 330 1594 nach
346 1531 411 1589 dem
425 1530 570 1606 heiligenn
584 1548 684 1592 neuen
698 1533 833 1607 Jarstage
848 1547 924 1592 anno
940 1530 1047 1590 domiui
1062 1527 1191 1601 rvr-niis

208 1635 302 1694 Vonn
327 1634 411 1696 Gotts
433 1635 567 1710 guadenn
586 1637 697 1697 Johsns
721 1637 890 1697 Friederich
922 1635 974 1695 der
997 1635 1080 1696 Elter
1098 1634 1226 1707 Hertzog
1246 1649 1281 1692 zu

102 1733 216 1796 Saxenn
239 1741 328 1800 vuud
349 1741 507 1816 geboreucr
530 1741 681 1803 Ohurinrst
701 1740 874 1818 Landtgraii
890 1743 920 1800 iu
935 1741 1087 1816 Duriugen
1106 1739 1184 1799 vund
1202 1738 1282 1799 Mar·

103 1839 175 1912 groti
188 1859 225 1903 zu
240 1845 398 1906 Meisseuu
414 1852 467 1907 etc.

737 1951 853 2013 lohanu
868 1950 1014 2012 friderich.
1031 1949 1065 2010 G.
1083 1949 1236 2010 Glunrfurst

900 2073 987 2118 manu
1002 2059 1120 2131 propria

980 2161 1144 2221 Mincknitz
1159 2159 1197 2219 Ι).

146 2258 222 2321 Dem
243 2262 480 2338 hochgebornem
504 2281 639 2326 vnuserm
662 2265 779 2325 liebenu
806 2264 963 2324 Ohsimenn
980 2251 1280 2324 Herm'winelmen

240 2369 380 2430 Gravenu
395 2370 474 2430 vnnd
488 2372 582 2430 hernu
596 2387 631 2429 zu
646 2369 848 2444 Hennebergk.

7 2551 8 2556 ἵ
193 2459 340 2536 Perlectis
361 2476 458 2550 itaque
480 2475 611 2536 electoris
631 2474 735 2534 litteris
757 2473 803 2533 die
826 2474 846 2548 ij
867 2472 999 2534 Januarii
1020 2472 1207 2546 Vitzenhagio
1221 2471 1281 2534 fero

7 2569 9 2618 1
106 2572 159 2634 hoc
174 2583 314 2656 responsi
328 2583 359 2639 iu
374 2583 528 2656 praesentia
543 2561 663 2640 illustris
684 2579 806 2640 dominae
821 2577 983 2639 Gatheriuae
999 2594 1018 2638 e
1032 2577 1216 2653 Henneberg‚
1233 2595 1279 2640 cc·

107 2682 223 2744 mitissae
246 2687 282 2744 in
302 2685 520 2759 Schwartzburg
539 2685 632 2745 viduae
656 2683 829 2744 charissimae
844 2689 950 2744 nostrae
966 2699 1078 2758 socrus,
1095 2700 1159 2758 quae
1175 2689 1205 2743 et
1217 2683 1282 2760 ipsu

109 2788 222 2861 scriptis
243 2808 263 2851 a
284 2795 367 2866 patre
383 2796 412 2850 et
426 2806 562 2868 germano
578 2791 652 2864 sule,
673 2796 706 2850 ut
720 2789 815 2848 calcar
830 2789 912 2849 nobis
931 2787 1067 2864 adderet,
1096 2805 1153 2864 quo
1168 2787 1280 2849 facilius

6 2871 9 2977 ζ
110 2886 175 2950 huic
197 2893 373 2968 profectioni
393 2898 613 2968 assentiremus,
641 2894 860 2968 sollicitaverat,
884 2893 983 2953 detum
999 2897 1057 2968 est,
1074 2898 1104 2954 st
1118 2893 1219 2954 cadem
1234 2892 1281 2952 die

8 3021 10 3100 >
110 2992 316 3074 litzenhegius
339 2998 376 3058 ad
391 3015 457 3058 suos
469 3001 615 3074 principes
630 3001 686 3058 iter
701 3001 847 3074 ingressus
862 3005 914 3060 est.
951 3000 1047 3060 Primo
1062 2998 1148 3074 quod,
1165 3015 1229 3072 quse
1245 2998 1281 3060 de

7 3103 8 3122 ¹
112 3096 303 3179 benignitate,
328 3105 419 3165 emico
440 3103 544 3164 affectu
563 3110 592 3164 et
607 3105 710 3167 oblatis
726 3106 870 3179 obsequiis
886 3106 971 3182 dixit,
994 3104 1085 3167 bosius
1101 3111 1130 3166 et
1144 3121 1202 3180 qua
1217 3103 1280 3165 lieri

7 3197 9 3289 f
112 3211 208 3276 potest
221 3211 431 3284 benevolentia,
447 3211 477 3268 iu
492 3212 585 3270 sinum
600 3212 642 3270 illi
656 3209 851 3271 refundamus.
888 3211 1037 3274 Preterea
1057 3213 1135 3287 quod
1149 3212 1188 3271 od
1201 3211 1279 3270 litte·

6 3367 9 3399 ,
114 3324 160 3369 ras
180 3314 364 3374 illustrissimi
390 3314 470 3374 ducis
491 3314 622 3375 Senoniae
648 3315 708 3375 noti
732 3316 862 3376 electoris
882 3322 936 3376 ete.
966 3315 1164 3391 benignissimi
1189 3311 1281 3372 nostri

8 3401 9 3417 ἢ
114 3415 248 3494 principis
263 3419 374 3493 attinet,
391 3435 444 3479 nos
458 3435 495 3478 ex
508 3420 553 3478 his
568 3421 668 3494 optimi
682 3421 819 3495 principis
843 3421 981 3492 optimum
995 3421 1156 3478 institutum
1171 3431 1281 3476 summa

7 3582 9 3597 ,
115 3532 176 3581 cum
190 3523 292 3584 laetitia
306 3523 422 3598 legisse,
445 3540 570 3583 moerore
585 3540 653 3583 vero
673 3540 731 3583 non
746 3537 835 3595 parvo
852 3523 982 3596 eins-dri
995 3523 1117 3596 lapsum,
1132 3522 1214 3595 eujus
1229 3536 1280 3580 no·

8 3619 11 3678 l
114 3639 178 3688 meu
191 3630 284 3688 literae
298 3629 388 3702 ipsius
403 3625 481 3686 ducis
497 3626 669 3700 exprimunt,
686 3643 740 3686 uec
754 3627 861 3700 absque
881 3625 981 3687 intimo
996 3627 1084 3686 animi
1099 3624 1199 3687 dolore
1212 3641 1279 3701 per-

7 3724 8 3748 *
114 3734 231 3806 cepisse.
270 3734 390 3806 Nosque
410 3731 518 3806 gratias
538 3733 712 3792 immortales
728 3747 791 3790 eum
807 3730 905 3792 debita
918 3731 1106 3794 submissione
1120 3733 1208 3794 enimi
1222 3746 1282 3792 non

8 3835 10 3864 ³
115 3836 204 3896 solum
219 3837 284 3898 duci
299 3837 430 3911 electori,
457 3836 508 3896 sed
523 3836 644 3897 dominis
660 3835 719 3894 suis
733 3837 809 3910 patri
823 3835 956 3895 nimirum
971 3843 1001 3898 et
1014 3835 1094 3898 affini
1108 3840 1214 3900 nostris
1229 3834 1279 3895 ob·

7 3981 8 3987 .
115 3942 262 4003 servandis
277 3947 306 4001 et
326 3941 499 4002 charissimis
519 3957 621 4016 agere,
638 3941 716 4016 quod
739 3941 856 4017 dignum
875 3959 920 4002 me
936 3943 1084 4016 duxerint,
1106 3960 1163 4017 quo
1178 3944 1208 4001 in
1221 3945 1282 3998 tam

6 3990 12 4152 ὶ
115 4046 162 4118 pie
175 4045 321 4108 functione
332 4050 492 4119 uterentur,
504 4051 533 4105 et
544 4047 701 4106 certissime
715 4047 794 4122 ipsis,
805 4047 883 4121 quod
897 4064 951 4123 pro
966 4046 1024 4107 fide
1039 4051 1068 4106 et
1081 4048 1203 4106 veritate
1218 4059 1282 4103 mea

6 4170 10 4234 l,
116 4149 242 4227 affirmo,
265 4166 436 4226 persuasum
450 4151 590 4222 habeant,
612 4151 637 4209 si
652 4167 710 4210 uon
724 4168 788 4213 meo
802 4169 848 4212 me
868 4152 984 4212 modulo
998 4151 1118 4210 metiens
1132 4150 1185 4210 tali
1200 4146 1281 4210 oncri

6 4257 11 4412 Ι
115 4252 251 4332 imparem
262 4257 444 4330 comperiam,
453 4238 600 4315 nudlnmin
612 4259 675 4316 tota
684 4256 838 4318 Germania
852 4273 915 4316 esse
929 4255 1095 4331 principem,
1111 4255 1158 4315 cui
1171 4255 1281 4328 meiere

8 4417 10 4443 ,
116 4362 201 4423 enimi
216 4359 367 4424 clacritate
381 4375 490 4420 morem
503 4375 606 4436 gerere
619 4376 766 4440 cuperem,
782 4362 862 4437 cujns
877 4362 908 4422 in
921 4376 967 4422 me
980 4375 1117 4435 meosque
1131 4359 1280 4437 beneficia,
