2966 4900
684 363 748 430 2ss

128 549 199 604 sunt
212 546 312 620 legati,
329 548 379 621 qni
393 547 466 607 banc
480 549 695 620 responsionem
709 563 842 608 caesareae
856 548 1001 622 majestati
1014 546 1165 610 referrent.
1192 549 1217 608 0
1231 548 1299 611 bor·

126 651 255 710 randum
264 657 294 710 et
303 655 466 726 sanguineis
477 655 565 728 guttis
574 653 782 728 deplorandum
788 654 1070 713 senatusconsilium.
1085 653 1220 714 Nondum
1227 657 1303 715 enim

129 757 315 830 plebiscitum
327 757 383 817 dici
395 765 506 832 potest,
524 776 590 818 nam
605 764 709 834 regnat
720 758 813 818 adhuc
827 757 957 818 dommus
972 761 1002 818 in
1016 759 1120 833 pusillo
1136 775 1225 834 grege
1240 775 1302 819 suo.

224 860 337 921 Deinde
352 864 532 924 ecclesiastes
547 865 626 924 urbis
641 869 844 936 convocarunt,
869 863 937 937 quid
952 865 1144 924 concluserint
1159 869 1188 924 et
1202 881 1302 939 accep-

131 967 261 1026 taverint
274 966 331 1025 illis
346 969 517 1042 aperientes.
548 969 655 1029 Verum
670 970 737 1042 quia
751 968 804 1028 filii
818 970 902 1044 huius
918 971 1006 1031 seculi
1016 971 1102 1043 juxta
1117 968 1224 1030 Christi
1238 985 1302 1030 ver·

131 1070 202 1130 bum
216 1070 418 1145 prudentiores
434 1079 509 1148 sunt,
526 1075 598 1134 alias
614 1091 715 1135 causas
730 1074 922 1150 praetendunt,
935 1075 1039 1148 jubent
1052 1083 1086 1137 ut
1099 1093 1154 1151 pro
1169 1077 1304 1137 concione

131 1182 217 1237 caute
230 1178 366 1252 loquendi
381 1182 523 1242 rationem
544 1180 670 1241 habeant
688 1186 718 1240 et
739 1181 893 1256 diligenter
907 1187 1028 1242 caveant
1047 1200 1085 1243 ne
1098 1183 1146 1244 vel
1159 1199 1243 1258 papa
1257 1182 1304 1243 vel

132 1283 288 1342 interimici
311 1286 418 1359 negotii
439 1292 539 1360 aperte
560 1288 731 1346 mentionem
750 1285 893 1359 facerent,
920 1287 972 1346 sed
992 1285 1111 1347 uerbum
1131 1287 1239 1347 domini
1258 1288 1303 1345 in·

133 1387 247 1462 trepide
262 1387 407 1450 docerent.
432 1391 479 1451 Sic
496 1407 531 1450 ex
545 1393 655 1451 Norica
669 1392 740 1452 urbe
756 1391 887 1451 Samaria
901 1389 978 1452 lacta
992 1397 1044 1452 est.

224 1493 414 1566 cognovimus
439 1500 468 1568 et
487 1496 592 1556 ibidem
610 1496 652 1555 Μ.
673 1496 825 1555 Nicolaum
848 1495 961 1556 Gallum
975 1497 1213 1557 Ratisboncusem
1236 1511 1304 1555 con-

132 1598 311 1657 cionatorem
333 1606 392 1659 tum
411 1601 488 1674 apud
509 1602 607 1660 Vitam
625 1617 679 1674 pro
700 1601 818 1661 consilio
839 1600 1036 1662 aGamerario
1058 1601 1261 1662 Ratisbonensi
1274 1604 1305 1660 et

49 1729 54 1738 ·
134 1703 319 1764 ecelesiarum
334 1707 502 1780 praesidibus
517 1709 643 1766 missum.

224 1807 358 1870 Ebnerus
373 1817 457 1886 pater
479 1811 564 1886 hujm
588 1816 618 1870 at
631 1826 729 1872 veram
752 1811 910 1874 doctrinam
925 1813 1115 1889 Norinborgae
1130 1812 1306 1887 promulgari

135 1913 242 1975 author
264 1917 360 1975 extitit
383 1923 418 1978 et
432 1916 604 1976 electoribus
623 1917 734 1990 aliquot
753 1917 874 1978 eandem
893 1920 1022 1994 recipere
1042 1919 1195 1994 persuasit,
1218 1933 1307 1977 verax

135 2021 285 2094 religionis
300 2037 376 2082 vera
390 2019 495 2081 fautor.
535 2019 593 2081 Sed
606 2019 682 2081 filius
705 2021 780 2096 ejus,
805 2025 854 2098 qui
868 2024 953 2083 modo
973 2025 1118 2084 considam
1133 2024 1203 2096 agit,
1228 2018 1306 2094 quod

135 2131 221 2201 pater
240 2127 297 2186 huc
314 2127 411 2186 intulit
431 2125 510 2186 toras
533 2127 664 2186 extrusit.
703 2126 748 2186 Ita
771 2145 884 2203 quoque
904 2130 1052 2189 didicimus
1075 2129 1227 2189 Brentinm
1245 2127 1307 2199 jam

136 2231 262 2292 secundo
281 2229 353 2305 fuga
369 2232 506 2306 elapsum.
546 2231 696 2293 confortet
717 2238 746 2292 ct
768 2239 918 2296 conservet
941 2249 1006 2293 aum
1032 2234 1162 2294 dominus
1180 2235 1212 2293 in
1230 2233 1308 2291 omni

133 2336 198 2397 loeo
214 2336 415 2398 deminutionis
431 2339 501 2412 eius.
562 2405 566 2427 Ι

225 2423 414 2516 Hailprunnae
433 2445 526 2517 primo
549 2444 665 2503 interim
684 2445 757 2505 illud
776 2448 963 2519 acceptarunt
977 2444 1044 2504 victi
1058 2442 1145 2503 tedio
1159 2443 1306 2517 Hispano·

135 2565 201 2608 rum
215 2549 346 2622 militnm,
363 2548 500 2622 aquibus
516 2551 620 2609 misero
636 2551 731 2610 vexati
746 2554 822 2610 sunt.

227 2653 524 2729 ARatispouensibus
539 2656 689 2729 responsio
704 2656 839 2728 exigitur,
861 2655 939 2729 quod
953 2655 1009 2713 nisi
1021 2653 1081 2714 tale
1094 2651 1190 2728 tuerit,
1206 2655 1240 2710 ut
1254 2666 1308 2710 cae·

137 2759 199 2818 sari
213 2759 335 2834 placeat,
351 2765 418 2820 ante
434 2759 509 2820 diem
524 2761 628 2820 Mortis
643 2760 811 2835 proximam,
835 2758 932 2819 Caesar
953 2760 1022 2834 ipsis
1037 2759 1222 2832 Hispanicum
1236 2757 1308 2816 mili·

136 2867 209 2925 tiam
225 2869 254 2925 et
268 2866 421 2924 missurum
437 2871 466 2926 at
480 2866 661 2926 ecclesiastes
676 2867 737 2940 ipse
753 2866 957 2938 coherciturus,
973 2866 1030 2924 illis
1045 2866 1180 2924 minatur.

230 2967 308 3030 Nota
330 2971 365 3031 dc
378 2973 494 3045 ¹pietate
516 2971 644 3046 Phffippi
666 2971 845 3031 Pomerianue
859 2971 953 3046 ducis,
970 2971 1033 3045 qui,
1049 2987 1113 3030 cum
1127 2971 1195 3030 olim
1209 2983 1227 3028 a
1241 2967 1308 3028 vito

140 3084 172 3137 et
187 3078 250 3138 aliis
265 3080 295 3137 in
310 3079 430 3139 comitiis
445 3081 684 3154 interrogaretur,
700 3077 836 3152 quidnam
852 3075 884 3136 G.
895 3074 925 3136 S.
941 3075 1096 3150 videretur,
1113 3092 1180 3135 num
1195 3072 1264 3148 qnid
1278 3073 1309 3132 in

137 3184 279 3258 religione
292 3183 400 3244 ibidem
421 3186 467 3259 agi
491 3200 575 3257 posse
585 3190 754 3258 ‚putaretur
770 3183 930 3259 respondit:
954 3183 1022 3243 Non
1036 3182 1119 3244 video
1134 3183 1180 3241 hic
1194 3185 1307 3240 contro·

139 3289 241 3347 versiis
261 3289 370 3348 mederi
394 3289 440 3349 vel
460 3307 544 3363 posse
561 3290 609 3358 uel
624 3291 708 3350 etiam
730 3291 854 3364 aliquem
869 3291 956 3365 uelle,
987 3289 1044 3348 Esr
1059 3291 1138 3349 wirts
1153 3287 1232 3360 abar,
1257 3283 1309 3344 der

140 3394 235 3454 obenn
253 3393 324 3453 uber
347 3394 399 3454 der
418 3395 529 3455 blawen
551 3394 670 3454 Deelren
691 3396 769 3468 sitzt,
790 3395 856 3454 roll
870 3376 989 3452 macben
1004 3400 1058 3452 etc.
1096 3392 1126 3448 Is
1141 3391 1217 3449 enim
1231 3388 1309 3448 solus
1372 3468 1375 3474 Ι

140 3513 209 3556 rere
223 3497 308 3558 dicit:
333 3497 444 3558 Ocelum
458 3499 527 3560 mibi
541 3499 625 3559 sedes
640 3505 685 3558 ost
699 3503 728 3558 et
741 3503 820 3557 terra
834 3497 989 3556 scabellum
1005 3499 1058 3554 etc.

228 3601 279 3660 Ait
292 3603 376 3662 Vltus
392 3619 422 3662 se
437 3621 497 3664 non
512 3602 661 3676 dubitare,
688 3603 757 3675 quin
773 3601 904 3660 dominus
918 3599 999 3659 breui
1021 3598 1139 3670 aliquod
1152 3597 1310 3658 remedium

140 3707 203 3780 ipse
218 3709 374 3782 excogitet,
399 3725 454 3781 quo
474 3708 594 3782 pusillus
614 3723 685 3782 grex
699 3706 819 3779 domini,
844 3705 993 3779 quiquam
1012 3705 1142 3780 exiguus,
1165 3706 1268 3782 inquit,
1293 3721 1311 3766 o

142 3825 245 3885 comes,
261 3809 374 3871 futurus
390 3817 443 3888 est,
461 3814 485 3872 si
501 3807 574 3872 tales
589 3811 772 3885 respublica,
788 3815 821 3870 ut
835 3809 1032 3884 Norinberga,
1050 3808 1233 3885 decesserint,
1244 3828 1310 3872 ser-

142 3921 234 3977 vetur.
258 3917 332 3976 Illud
347 3922 444 3976 autom
459 3935 518 3978 non
532 3921 662 3977 nostrum
677 3923 721 4004 est
734 3921 824 3975 metas
840 3915 895 3976 deo
906 3916 952 3976 vel
963 3917 1100 3978 terminos
1115 3917 1311 3992 prescribere,

143 4027 173 4082 et
186 4023 298 4084 interea
311 4024 448 4098 temporis
472 4024 596 4082 orationi
618 4037 681 4080 cum
696 4022 853 4082 christiana
867 4024 1007 4096 patientia
1025 4022 1190 4082 instandum
1206 4022 1259 4092 est,
1283 4023 1313 4076 et

144 4131 199 4188 erit
212 4129 368 4202 aliquando
383 4135 495 4203 tempus
517 4145 580 4187 cum
600 4144 690 4188 caesar
704 4127 767 4188 haec
781 4145 812 4188 se
836 4145 894 4188 nou
907 4127 1009 4188 iecisse
1024 4125 1143 4200 optabit.
1183 4122 1314 4182 Tandem

144 4237 210 4307 post
223 4233 328 4293 multos
349 4235 427 4294 inter
445 4251 498 4294 uos
519 4232 634 4294 habitos
655 4249 800 4294 sermones
821 4251 874 4294 nos
894 4249 958 4292 cum
972 4229 1175 4290 benedictione
1196 4227 1312 4304 dimisit,

145 4336 257 4412 dicem,
281 4355 313 4398 se
337 4338 421 4400 deum
443 4345 501 4412 opt.
522 4355 596 4398 max.
613 4345 809 4415 precaturnm,
831 4343 865 4397 ut
886 4331 931 4396 ine
952 4336 983 4394 in
1003 4331 1200 4396 misericordia
1214 4350 1268 4396 suu
1282 4337 1313 4414 in

145 4437 261 4502 chrisa
276 4448 453 4505 mactantem
468 4445 634 4505 conseruet
679 4432 682 4436 ’

1028 4541 1102 4608 14*
