3028 4894
171 517 239 564 caro
254 508 284 562 et
297 505 415 580 sanguis
430 503 503 565 nihil
521 509 629 580 preter
647 504 796 580 pulverem
815 519 899 566 suum
919 505 1024 582 sapiat,
1047 510 1087 580 te,
1109 504 1224 566 domine
1243 513 1342 569 sancte

171 612 263 684 pater,
286 609 441 670 humillime
461 609 647 686 deprecamur
667 611 819 686 ingruente
834 627 910 672 nunc
923 611 1103 686 necessitate,
1128 609 1166 670 da
1186 609 1269 670 nobis
1288 612 1341 671 tihi

170 711 260 774 fidere
281 720 368 790 atque
387 721 421 775 ut
436 717 521 790 juxta
540 719 621 774 tuum
640 717 842 791 praescriptum
860 716 1023 776 insilentio
1044 720 1074 774 et
1093 731 1145 789 spe
1165 717 1274 777 animas
1292 734 1342 777 no·

170 823 245 880 stras
260 820 464 897 possideamus,
475 835 527 895 per
541 819 641 879 Jesum
656 815 800 881 Christum
816 820 960 882 dominum
974 825 1115 894 nostrum,
1132 821 1182 894 qui
1197 821 1269 883 vivis
1285 828 1340 884 etc.

259 926 309 1000 xiij
335 925 445 1000 Aprilis
469 941 488 985 a
513 925 719 1000 weissenburg
740 924 951 986 Donowerdam
971 923 1093 1000 proiecti
1116 940 1222 985 sumus.
1262 927 1343 988 Inter

170 1029 425 1105 Weisseuburgum
446 1034 475 1090 11
494 1029 631 1090 Werdam
652 1029 689 1090 ad
702 1028 866 1090 Danubium
885 1036 929 1091 est
944 1029 1089 1090 Mauheim
1104 1029 1251 1107 oppidum,
1275 1033 1342 1094 olim

170 1133 251 1194 ducis
270 1133 383 1195 Ottonis
402 1135 521 1195 Haurici
540 1133 665 1194 Palatini
685 1135 802 1210 Bauari,
827 1151 883 1210 quo
904 1151 969 1194 eum
988 1133 1109 1194 Carolus
1129 1133 1226 1197 Caesar
1245 1137 1283 1198 ob
1298 1154 1342 1198 as·

170 1244 278 1300 sertum
297 1240 476 1316 evangelium
496 1255 559 1299 cum
581 1240 693 1313 reliqua
713 1239 822 1300 ditione
844 1241 923 1302 exuit
942 1256 1019 1300 anuo
1044 1240 1139 1301 1547.
1176 1241 1232 1302 Est
1250 1247 1281 1302 11
1293 1243 1342 1304 ab

169 1345 249 1406 batia
263 1346 394 1405 Keitzan.
964 1416 966 1420 .

258 1450 313 1510 Est
333 1455 362 1509 11
375 1451 452 1511 iuter
466 1449 613 1511 Manhcim
632 1454 661 1512 et
676 1449 882 1526 Weissenburg
901 1465 993 1527 pagus
1014 1449 1146 1526 Golberg,
1168 1451 1245 1512 inter
1259 1467 1344 1526 quern

73 1569 78 1582 ¹
170 1563 201 1618 et
219 1556 342 1616 alterum
361 1572 467 1632 pagum
486 1555 650 1616 Niderbach
667 1552 800 1614 fluviolus
820 1556 927 1617 Ursula
946 1560 998 1616 est.
1034 1555 1069 1614 In
1088 1559 1143 1617 hoc
1156 1553 1253 1632 fluvio,
1277 1556 1344 1617 dum

170 1663 286 1736 aquatio
301 1659 343 1735 lit,
367 1660 525 1720 caballulus
541 1675 620 1720 mens
634 1662 665 1719 in
681 1658 797 1719 fluvium
819 1659 977 1721 subsidens.
1008 1661 1071 1735 Ego
1091 1663 1189 1736 itaque
1209 1678 1276 1722 mox
1294 1660 1344 1721 de·

170 1767 266 1827 cidens
282 1765 320 1827 ad
334 1765 436 1844 laevam
450 1765 480 1822 in
499 1764 693 1840 peristrophio
714 1766 805 1825 altera
824 1765 896 1825 tibia
915 1764 1042 1840 pendens
1058 1771 1087 1825 11
1105 1765 1281 1826 acaballulo
1294 1767 1344 1824 11-

170 1888 219 1932 sus
240 1877 270 1932 et
289 1884 366 1944 aqua
384 1869 548 1929 submersus
568 1867 695 1943 fuissem,
718 1871 749 1928 ni
768 1869 823 1929 Dei
844 1869 972 1930 bonitate
992 1875 1023 1930 et
1044 1885 1134 1945 opera
1148 1868 1288 1932 Ludovici
1301 1868 1343 1931 ia-

170 1977 240 2036 muli
261 1977 333 2050 mei,
366 1974 505 2034 Samuelis
529 1989 642 2048 quoque
665 1975 721 2032 mei
742 1975 855 2048 nepotis
878 1978 908 2033 et
928 1971 1052 2033 fratrum
1072 1976 1179 2037 anxilio
1200 1977 1233 2036 in
1255 1976 1343 2051 pedes

170 2083 317 2156 conjectus
337 2086 367 2141 et
389 2079 508 2140 eductus
529 2077 655 2140 fuissem.
692 2078 865 2139 Benedictus
887 2077 1017 2139 dominus
1036 2079 1126 2156 Deus,
1150 2082 1274 2156 quinos
1296 2096 1344 2141 ex·

169 2188 259 2248 traxit
273 2203 310 2247 ex
325 2187 407 2260 aquis
422 2185 528 2246 multis.

257 2289 428 2352 Donwerdae
444 2290 522 2366 apud
536 2288 720 2351 Leonardum
735 2289 994 2352 Widdenmaroker
1013 2293 1044 2352 in
1063 2291 1169 2366 insigni
1187 2291 1279 2351 leonis
1296 2290 1343 2351 de·

169 2398 273 2474 aurati,
296 2397 327 2456 in
347 2412 381 2456 eo
402 2395 537 2472 hospitio,
561 2413 618 2470 quo
642 2394 791 2457 Cattorum
813 2396 952 2472 princeps.
967 2403 997 2458 et
1018 2397 1149 2459 dominus
1169 2402 1268 2457 noster
1287 2394 1343 2456 cle-

168 2503 361 2563 mentissimus
381 2501 553 2577 captivitatis
572 2515 632 2564 suae
653 2501 847 2562 hebdomadas
868 2504 969 2588 decem
986 2508 1018 2564 et
1035 2518 1137 2564 novem
1150 2505 1342 2576 transegerat,

168 2608 306 2684 hospitati
325 2623 431 2667 sumus.
467 2608 502 2666 ln
521 2599 623 2667 eodem
642 2607 767 2682 hospitio
789 2607 923 2684 princeps
943 2609 1136 2683 insumpserat
1150 2607 1207 2668 duo
1221 2607 1300 2667 milia
1315 2610 1344 2668 11

168 2719 298 2775 trecenta
312 2710 498 2774 florenorum.
534 2710 657 2772 Domina
676 2713 809 2788 princeps
828 2720 929 2775 nostra
949 2713 1026 2789 apud
1048 2712 1169 2773 eundem
1190 2710 1342 2788 hospitem,

169 2821 237 2880 dum
251 2819 412 2894 Augustam
432 2816 574 2892 tenderet,
598 2817 659 2877 dias
678 2817 778 2878 dacem
800 2824 829 2878 et
844 2826 967 2893 quatuor
982 2824 1093 2879 morata
1108 2825 1162 2879 est.
1193 2818 1228 2876 In
1242 2818 1342 2878 eodem

168 2924 293 2998 hospitio
309 2922 492 2984 veredarium
505 2922 640 2980 nuncium
654 2921 735 2981 ducis
749 2923 880 2983 Mauritii
894 2924 1037 2983 Electoris
1052 2923 1219 2981 invenimus.

256 3027 366 3087 Eadem
385 3028 522 3100 magister
542 3025 656 3099 Florus,
681 3041 766 3099 quem
785 3027 945 3101 Augustam
963 3028 1202 3102 praemiseramns,
1226 3025 1342 3087 Werdae

168 3132 206 3192 ad
219 3130 384 3192 Danubium
403 3129 486 3191 nobis
501 3129 612 3190 obviam
631 3127 673 3204 fit,
696 3130 837 3206 indicans,
861 3132 911 3204 qui
925 3146 957 3190 se
977 3145 1025 3189 res
1039 3128 1178 3203 1111111111
1192 3129 1340 3192 haberent.

258 3237 374 3298 Werdae
396 3237 426 3295 in
445 3234 630 3295 hibernaculo
651 3240 681 3294 11
699 3236 798 3311 cubili,
823 3237 872 3296 ubi
893 3237 1026 3310 princeps
1046 3239 1145 3296 noster
1165 3236 1342 3296 mansionem

168 3358 250 3403 suam
263 3341 418 3416 habuerat,
441 3339 689 3416 pernoctabamus.

256 3448 395 3523 Augustae
405 3447 469 3507 'una
483 3461 547 3506 cum
562 3443 731 3505 Colonieuse
745 3447 777 3503 in
791 3460 843 3505 nos
859 3445 983 3520 querelis
1003 3449 1032 3504 et
1051 3443 1124 3505 dolis
1140 3445 1244 3504 armati
1258 3449 1342 3505 erant

168 3552 354 3630 Mainolphus
376 3553 420 3612 bis
442 3550 581 3628 profugus
603 3548 781 3611 Flechtorliii
804 3550 907 3626 abbas,
931 3550 1061 3610 consules
1084 3548 1340 3624 Volclunarienses,

169 3659 293 3721 barones
307 3658 344 3720 de
358 3659 487 3734 Beuren,
511 3656 757 3717 Breidelarienses
771 3657 918 3730 monachi,
940 3654 1090 3730 Batbcrgii
1107 3659 1163 3715 etc.

256 3764 284 3822 A
298 3762 408 3823 Werda
422 3762 609 3838 Neuburgum
628 3778 681 3822 arx
702 3762 813 3822 ducalis
834 3767 863 3821 11
878 3760 1013 3837 oppidum
1028 3760 1259 3836 amoenissimum,
1284 3777 1341 3836 quo

169 3874 199 3931 11
219 3869 282 3944 ipse
305 3866 403 3926 Caesar
425 3866 579 3927 otthonem
600 3866 758 3927 Henricum
779 3867 873 3939 exuit,
897 3867 987 3927 1111111
1006 3867 1132 3926 miliaria
1152 3866 1219 3926 tria.
1256 3866 1296 3926 Et
1316 3867 1342 3925 is

169 3974 248 4034 locus
263 3978 308 4033 est
323 3970 379 4031 divi
395 3971 516 4031 Joannis
531 3969 626 4030 Diaaii
641 3972 764 4045 Hispani
777 3964 917 4044 martyrio
931 3988 1023 4032 sacer.

257 4079 292 4137 In
305 4077 360 4138 hoc
374 4074 510 4152 oppidulo
523 4074 690 4136 habitarent
703 4073 809 4136 fratres
823 4074 946 4136 hunoldi
961 4077 1110 4136 secretarii
1131 4076 1235 4136 ducum
1248 4075 1341 4135 Bava-

169 4185 231 4244 riae.
261 4183 374 4243 Horum
388 4181 464 4240 aedes
480 4179 577 4240 Caesar
591 4179 719 4240 funditus
734 4181 797 4241 loco
812 4179 942 4240 demoliri
963 4186 993 4242 11
1012 4197 1158 4256 nunquam
1171 4177 1341 4241 reaedificari

170 4306 223 4366 per
237 4287 386 4348 heraldum
401 4286 499 4346 edixit.

260 4391 393 4457 Relatum
407 4391 489 4455 nohis
504 4397 549 4453 111
563 4390 669 4454 ibidem
679 4389 720 4452 de
733 4391 828 4454 duello
841 4391 958 4469 pugnali
967 4388 1084 4465 Georgii
1092 4394 1121 4451 11
1129 4387 1294 4451 Melchioris
1301 4390 1340 4452 N.
