2940 4900
782 319 824 383 92

224 503 368 562 dominum
392 501 536 561 constanti
550 501 646 560 animo
662 497 807 558 confessus
822 500 869 574 sit,
886 501 954 574 quin
969 505 999 560 et
1010 497 1139 574 crucifigi
1154 497 1256 572 voluit,
1270 493 1336 556 iacie
1348 496 1379 554 ad

218 613 328 678 ¹terram
345 623 429 666 versa
444 611 497 666 etc.
522 605 661 679 Quodque
676 604 785 677 absque
808 603 852 663 his
874 605 973 679 donis,
999 623 1063 678 quac
1079 605 1215 664 Christus
1236 601 1380 661 hominihus

220 713 314 786 dedit,
339 713 409 772 nihil
424 727 588 784 possemus,
614 709 742 782 allegans
766 709 906 804 psalngrm
924 713 980 784 68,
1005 712 1094 770 multa
1109 707 1255 784 ejusmodi
1270 707 1382 766 ductast
1460 747 1461 784 ι

218 818 373 876 christiana
388 816 569 889 simplicitate
582 815 695 873 docens.
720 814 794 872 Nam
809 815 1007 891 praeternam
1023 816 1088 874 huic
1103 815 1241 874 concioni
1257 809 1381 882 interfuit)

219 923 293 980 cives
308 921 408 980 domus
424 918 556 978 familias.

308 1025 377 1082 Cum
394 1024 511 1082 Liborio
526 1022 596 1080 nihil
611 1024 646 1082 de
662 1027 742 1097 equis
759 1024 939 1098 remittendis
954 1026 1002 1098 agi
1017 1026 1121 1100 potuit.

307 1129 421 1188 Eadem·
439 1128 603 1188 sollicitatio
626 1130 702 1202 apud
717 1130 937 1190 Atrebatensem
958 1130 1135 1204 intermissa,
1163 1127 1385 1188 necNassarins

1459 1166 1461 1204 l

218 1243 285 1296 ante
300 1235 448 1296 meridiem
463 1235 608 1294 conveniri
625 1236 737 1308 potuit,
761 1252 795 1294 eo
817 1235 893 1307 qnod
914 1236 1144 1309 archiepiscopus
1167 1233 1346 1294 coloniensis
1363 1236 1387 1288 et
1460 1273 1461 1310 ι

217 1343 278 1416 ipse
303 1339 337 1400 de
362 1338 545 1398 resarcienda
569 1341 722 1399 concordia
741 1339 865 1400 filiorum
882 1341 1014 1400 Otthonis
1039 1341 1074 1398 de
1093 1341 1249 1413 Rethberg
1269 1339 1385 1411 agerent.
1460 1362 1461 1382 2

219 1447 334 1508 Otthoni
351 1449 445 1504 antem
462 1446 517 1505 duo
533 1451 685 1518 supersunt
699 1444 759 1519 lilii,
782 1452 852 1503 natu
868 1447 959 1520 rnajor
976 1445 1063 1504 Ottho
1079 1450 1109 1502 et
1123 1446 1188 1520 ipse
1205 1445 1331 1514 nomine,
1346 1456 1386 1497 na-
1459 1486 1461 1518 ,

218 1559 263 1610 tus
285 1557 377 1610 matre
405 1569 419 1610 c
441 1552 531 1625 stirpe
551 1552 684 1609 comitum
705 1551 741 1608 de
766 1550 857 1623 Scyn,
883 1554 913 1607 et
930 1550 1058 1608 ioannes
1078 1547 1154 1608 filius
1174 1549 1288 1609 sororis
1308 1545 1387 1624 domi-¹
1460 1583 1461 1622 ι

218 1672 318 1715 norum
334 1657 507 1728 Frisiorum,
532 1672 602 1728 quos
617 1655 745 1713 Junchcr
755 1654 903 1712 'Omekens
919 1671 999 1712 soene
1017 1655 1175 1729 Uesperum
1191 1655 1386 1714 Baithasarnm
1458 1691 1461 1730 3

218 1766 247 1818 et
262 1760 404 1818 Simonem
422 1760 578 1820 nominant.

307 1865 410 1924 Petrus
434 1865 596 1924 alienatad
618 1863 724 1924 loanni
745 1863 893 1923 Friderico
917 1864 982 1924 duci
1004 1866 1118 1924 electori
1140 1872 1194 1926 etc.
1221 1866 1271 1924 hic
1293 1873 1385 1918 terum·

217 1987 318 2030 narum
335 1986 450 2028 suarum
466 1971 559 2028 socius
574 1977 604 2028 et
620 1987 638 2028 a
653 1968 773 2042 dapibus
788 1967 916 2027 ferendis
932 1976 984 2027 est.

306 2076 423 2148 Lanius,
440 2093 457 2133 a
473 2090 529 2148 quo
545 2076 636 2132 nostri
651 2074 928 2134 cur·nes.csoulentas
940 2075 1154 2149 comparabant,
1172 2077 1284 2149 scripto
1299 2077 1330 2130 ιιι
1343 2085 1383 2126 ιο·

217 2181 321 2242 cabant
345 2181 559 2254 supplicationis
584 2180 701 2238 comites
717 2197 734 2238 a
749 2179 889 2238 Waldeck
912 2181 1037 2252 rogarit,
1064 2184 1096 2238 ut
1117 2197 1170 2252 pro
1184 2180 1280 2240 fratre
1297 2175 1385 2250 ipsius,
1460 2199 1461 2254 ι

217 2287 312 2345 nescio
329 2286 365 2346 ob
380 2285 457 2358 quod
470 2286 650 2344 commissum
666 2286 744 2357 apud
760 2284 892 2342 consules
903 2283 1041 2372 Augustae
1056 2285 1288 2356 intercederent3
1306 2297 1383 2353 nego-

215 2393 287 2452 tium
302 2391 357 2451 hoc
371 2391 478 2450 Joanni
492 2391 622 2472 Hako'ct
640 2390 724 2450 Josto
741 2388 926 2448 Colmachero
944 2389 1101 2461 injunctum
1117 2395 1169 2448 est.

305 2497 444 2556 Dominus
461 2496 496 2556 de
511 2496 695 2556 Brabantzon
717 2496 779 2553 heri
796 2511 831 2551 ex
852 2495 1010 2552 Brabantia
1029 2492 1179 2552 advenisse
1199 2495 1319 2564 dicitur,
1341 2485 1383 2561 uui

216 2604 294 2662 intra
311 2604 435 2676 quinque
451 2601 511 2660 dics
527 2619 544 2660 a
559 2601 691 2660 Brusella
705 2599 870 2658 Brabantiae
882 2597 1040 2672 Augustam
1056 2597 1239 2671 adequitasse
1254 2593 1383 2657 creditur.
1452 2628 1455 2642 ι

215 2707 323 2766 Eadem
340 2707 457 2766 Carolus
474 2725 491 2765 a
508 2707 632 2766 Stooken
647 2701 930 2776 nobiscum'pransus
946 2711 999 2763 est.
1076 2735 1079 2740 ·

304 2812 327 2870 0
346 2812 458 2872 domine
473 2813 491 2870 J
494 2827 552 2884 esu,
570 2811 637 2885 quia
652 2811 784 2867 immotus
800 2825 893 2868 sermo
910 2810 1040 2868 veritatis
1055 2816 1112 2868 tute
1128 2815 1288 2882 permanet,
1306 2817 1381 2878 quam
1455 2815 1457 2886 j

216 2915 361 2988 discipulis
377 2917 433 2975 tuis
449 2916 560 2973 locutus
576 2932 620 2988 es,
639 2916 750 2973 dicens:
773 2914 860 2974 «Sine
875 2931 920 2972 me
936 2914 1006 2972 nihil
1021 2914 1139 2986 potestis
1154 2913 1281 2989 lacera»
1300 2922 1380 2992 quare
1456 2941 1458 2980 ι

213 3020 272 3090 jam
292 3023 352 3075 tum
372 3021 401 3077 in
425 3026 520 3077 monte
542 3020 639 3078 oliveti
660 3020 747 3078 coelos
772 3035 941 3078 ascensurus
964 3036 999 3078 er
1018 3019 1114 3079 divina
1134 3025 1185 3079 tua
1207 3014 1380 3093 prescientia
1456 3004 1458 3086 ι’

215 3137 263 3180 eos
279 3137 380 3179 cavere
393 3122 512 3194 jussisti,
530 3139 565 3180 nc
581 3123 617 3182 ab
634 3124 841 3195 Hierosolymis
857 3125 1045 3196 discederent,
1062 3131 1216 3200 antequam
1230 3126 1335 3186 virtute
1349 3133 1379 3176 ex
1456 3094 1458 3156 ἶ

215 3228 273 3286 alto
295 3226 499 3299 induerentur,
530 3229 707 3300 agnoscimus
728 3229 914 3300 cogitationes
936 3236 1049 3288 nostras
1069 3227 1166 3288 martes
1191 3237 1221 3290 et
1239 3226 1377 3292 evanidas,

215 3329 357 3390 emarcida
378 3347 491 3402 quoque
513 3339 541 3390 et
562 3347 625 3404 quae
647 3333 769 3418 stultitia
790 3331 921 3390 hunuanus
947 3333 1081 3392 vanitatis
1106 3335 1187 3393 nohis
1212 3335 1378 3394 somniamus

215 3452 310 3512 opera.
336 3437 377 3496 Tc
392 3438 489 3511 igitur,
506 3438 652 3498 mitissime
667 3452 718 3495 ren
734 3432 913 3511 et'salvator,
933 3440 992 3510 jam
1017 3443 1081 3510 post
1096 3443 1269 3514 assumptam
1285 3441 1375 3498 huma·

214 3545 331 3604 nitatem
353 3543 435 3604 deum
458 3560 557 3603 verum
578 3551 607 3602 et
627 3545 768 3603 hominem
790 3541 827 3601 ad
850 3543 997 3602 dexteram
1012 3543 1065 3602 Dei
1082 3545 1173 3617 patris
1193 3544 1338 3605 sedentem
1352 3542 1378 3596 et

213 3652 381 3720 regnantem
397 3650 596 3722 deprecamur,
618 3654 649 3707 ιιι
665 3650 766 3722 spiritu
782 3654 832 3705 tno
847 3648 921 3708 hono
938 3649 1019 3706 nobis
1043 3647 1156 3722 adesse,
1180 3651 1230 3723 qui
1245 3659 1375 3723 nmquam

214 3764 271 3806 non
286 3765 326 3821 es,
351 3751 421 3808 velis
437 3758 467 3810 et
481 3754 568 3812 corda
583 3759 682 3813 nostra
698 3756 803 3813 virtute
819 3769 854 3810 ex
869 3754 928 3811 alto
944 3753 1080 3827 induere,
1102 3760 1134 3812 ut
1147 3759 1177 3812 te
1192 3755 1281 3828 digna
1295 3760 1325 3813 et
1338 3750 1374 3809 la·

214 3867 278 3910 cere
294 3856 324 3909 et
339 3855 466 3924 cogitare
481 3854 638 3929 valeamus,
653 3859 741 3931 idque
756 3876 808 3931 per·
823 3859 1050 3930 suammetipsam
1065 3860 1231 3934 bonitatem,
1248 3860 1297 3932 qui
1310 3855 1375 3918 viris

213 3961 241 4014 et
264 3973 368 4029 regnas
396 3972 458 4014 cum
484 3957 558 4018 Deo
570 3966 652 4032 patre
679 3968 707 4019 et
732 3980 814 4022 sacro
842 3969 993 4035 pneumate
1020 3963 1090 4021 deus
1118 3963 1211 4022 trinus
1234 3971 1278 4024 ost
1299 3973 1374 4022 unos.

214 4061 315 4121 Amen.

303 4167 442 4238 Quoniam
457 4183 531 4226 vana
546 4183 610 4240 spes
626 4169 662 4226 ab
676 4168 797 4245 homine,
814 4170 966 4232 fortissime
977 4170 1089 4232 Christe
1098 4174 1192 4232 Sohilo
1207 4180 1240 4232 ιιι
1255 4179 1374 4233 nostram

213 4287 329 4332 causam
343 4288 406 4344 age.

300 4375 408 4434 Eadem
432 4377 506 4435 inter·
530 4377 645 4438 tertiam
666 4385 696 4436 et
718 4384 849 4451 quartam
871 4382 1094 4453 pomeridianam
1116 4383 1202 4443 horas
1219 4383 1316 4444 (iasar
1329 4396 1374 4459 per
