3028 4894
776 327 820 392 82

217 509 310 568 nostri
325 515 354 568 et
368 509 450 570 nobis
466 510 496 568 ia
511 509 623 568 bonum.
664 508 782 566 Manum
802 508 891 581 igitur
913 511 1004 583 patris
1020 509 1168 583 patienter
1184 515 1215 566 et
1228 505 1384 568 obedienter
1473 555 1474 560 ,

216 611 351 674 feramus.
375 615 494 674 Interim
509 614 564 673 boo
578 611 686 674 addens
702 614 871 685 exemplum.
897 611 1107 673 Paterfamilias
1122 613 1149 671 si
1165 613 1313 672 suroulum
1325 611 1385 669 mali

215 719 327 780 arboris
342 721 433 796 stipiti
448 721 548 778 inserit
563 724 592 777 et
606 717 660 776 boc
675 719 830 792 virgultum
845 718 875 777 in
891 719 1073 778 arbusculam
1094 718 1204 778 evadat
1219 723 1250 777 et
1264 733 1348 776 uuum
1360 719 1385 772 et

215 825 338 886 aiterum
358 827 505 902 pomulam
526 827 596 886 bero
617 841 669 884 suo
689 826 846 898 producet,
871 829 1039 898 pergratum
1058 824 1176 897 quidem
1198 827 1245 882 est
1259 823 1337 882 hero.
1360 820 1385 878 si

214 937 310 991 autem
324 931 441 990 uadem
462 932 492 989 ia
510 931 596 1003 juste
618 931 800 1003 proceritatis
821 929 953 989 arborem
977 936 1125 988 excrescat
1138 935 1170 987 et
1185 934 1251 986 tum
1266 943 1325 986 nou
1339 925 1387 983 uisi

214 1051 302 1094 unum
317 1041 367 1094 aut
382 1035 504 1094 alterum
519 1052 632 1110 pomum
648 1035 841 1110 patrifamiliae
856 1034 969 1107 tulerit,
994 1034 1111 1094 uadem
1125 1033 1328 1093 subirasoetur
1340 1045 1385 1104 pa-

214 1137 382 1200 terfamilias
402 1145 431 1199 et
450 1141 582 1200 arborem
605 1141 679 1200 hane
698 1140 845 1200 succidere
866 1139 987 1213 jubebit.
1028 1140 1075 1199 Sio
1096 1155 1215 1213 quoque
1238 1142 1284 1198 est
1304 1136 1387 1210 patris

214 1242 340 1306 eoelestis
355 1259 427 1318 erga
441 1261 494 1305 nos
510 1247 634 1319 animus,
658 1246 682 1304 si
705 1261 818 1318 semper
840 1246 944 1304 erimus
966 1245 1108 1304 discentes
1128 1251 1159 1304 et
1181 1259 1332 1317 nunquam
1354 1238 1387 1298 ed
1474 1299 1475 1312 ¹

211 1347 326 1424 frugem
340 1351 493 1422 pervenire
510 1367 653 1425 conemur,
670 1367 729 1410 non
744 1339 871 1423 qdbtidie
887 1350 969 1410 nobis
977 1350 1053 1423 ipsis
1068 1350 1204 1410 meliores
1216 1347 1386 1409 evaserimus

214 1468 248 1515 ao
262 1454 292 1514 la
307 1454 364 1514 vito
380 1455 429 1515 illa
445 1454 560 1516 Christo
580 1457 685 1516 uberes
708 1454 817 1514 fructus
832 1451 965 1513 feremus.
1005 1453 1062 1513 Sed
1077 1453 1139 1513 baec
1154 1455 1264 1526 omnia,
1289 1450 1385 1523 inquit,

215 1557 364 1620 dictasint
380 1561 416 1620 de
431 1560 594 1622 christianis
610 1568 639 1620 et
655 1562 704 1635 qui
720 1561 834 1620 Christo
854 1559 969 1618 uomina
984 1575 1036 1619 sua
1052 1559 1205 1633 dederunt,
1223 1560 1268 1618 illi
1284 1556 1386 1617 servire

214 1677 252 1722 ex
265 1664 361 1723 animo
376 1667 534 1740 cupientes.
557 1666 634 1724 Nem
648 1668 774 1739 reliquos
789 1665 931 1739 palmites
950 1665 999 1739 qui
1013 1669 1116 1736 sponte
1130 1664 1321 1739 degenerant,
1337 1674 1384 1734 pa·

213 1773 259 1828 tor
273 1767 432 1840 amputabit
452 1774 482 1828 et
496 1771 629 1830 collectos
645 1771 705 1844 igni
720 1771 838 1843 injicere
848 1769 969 1843 iubebit.
993 1768 1073 1827 Dixit
1088 1769 1190 1830 atalia
1205 1768 1301 1828 multa
1314 1779 1383 1839 pre·

213 1869 294 1932 olere
308 1872 338 1932 ia
353 1872 427 1932 hano
442 1877 622 1934 sententiam.
655 1875 741 1935 Faxit
755 1876 833 1934 Deus
849 1879 880 1932 ut
896 1876 982 1934 simus
996 1873 1128 1949 palmites
1142 1873 1220 1950 fidei,
1239 1877 1384 1950 portantes

215 1975 315 2038 botros
329 1977 360 2035 in
374 1977 425 2056 viti
441 1993 517 2036 vere.
542 1977 642 2036 Amen.

301 2081 365 2140 Hae
380 2079 426 2139 die
440 2080 626 2140 Francisoum
647 2084 781 2141 uunoium
795 2101 896 2146 rursus
912 2085 1100 2147 Gorbaobium
1122 2087 1221 2146 multis
1236 2087 1382 2144 literarum

212 2184 354 2248 iasoioulis
370 2192 520 2247 oneratum
539 2188 707 2247 remisimus.
746 2189 916 2249 Remisimus
931 2197 960 2251 et
974 2192 1085 2252 doctori
1103 2191 1198 2251 Maier
1211 2193 1306 2252 libros
1321 2201 1382 2247 suos

213 2307 266 2368 per
280 2291 468 2354 Melohiorem
482 2293 626 2352 Lindiam.
650 2307 652 2314 ’

302 2399 378 2460 Ante
393 2399 541 2459 meridiem
557 2395 661 2459 iratres
677 2400 859 2460 sollicitatum
874 2401 969 2476 ibant,
993 2403 1044 2462 sed
1058 2403 1261 2462 Atrebateusis
1277 2407 1384 2477 patrem

212 2501 333 2566 adierat.
364 2503 391 2564 A
405 2504 527 2578 prandio
542 2520 611 2565 vero
626 2522 679 2580 per
694 2506 898 2567 cubicularium
920 2507 981 2580 ejus
1002 2507 1056 2568 boo
1070 2508 1200 2582 responsi
1214 2507 1382 2580 accepimus

212 2606 275 2669 beri
290 2625 309 2670 a
322 2612 410 2670 missa
426 2609 533 2670 Caesari
557 2610 593 2670 de
607 2610 661 2671 heo
676 2627 708 2670 re
724 2629 755 2671 se
770 2612 900 2671 nonnihil
917 2611 1037 2683 dixisse,
1062 2613 1113 2672 sed
1135 2615 1341 2688 imperatorem
1354 2620 1382 2664 se

213 2713 339 2776 nondam
354 2716 515 2776 resolvisse.
539 2715 594 2774 Hic
610 2720 673 2776 eret
686 2716 771 2790 hujus
787 2716 845 2776 diei
859 2721 948 2777 astus.

300 2819 450 2878 Invisimus
476 2819 622 2878 doctorem
650 2820 785 2880 Carolum
806 2829 835 2881 et
854 2822 1041 2895 perexiguum
1061 2827 1124 2881 erat
1145 2824 1206 2895 ejus
1223 2821 1379 2888 eonsilium,

213 2921 267 2980 uisi
282 2919 359 2994 quod
373 2921 541 2994 patientiam
557 2925 656 2982 suasit.
672 2925 760 2985 Venit
768 2926 947 2985 amanuensis
957 2926 1005 2984 ille
1016 2932 1046 2986 et
1055 2927 1118 2985 heri
1133 2933 1163 2985 et
1176 2927 1263 2988 bodie
1278 2926 1381 3003 strigili²
1476 2895 1477 2978 ι

212 3021 355 3083 adferens.
387 3022 530 3097 Tefferne,
554 3027 608 3097 ait,
630 3025 689 3085 flux
703 3030 796 3088 venio.
835 3030 881 3089 Sic
897 3033 1090 3104 germanicum
1112 3033 1218 3092 idioma
1232 3031 1381 3094 addiscunt

211 3126 296 3188 Iberi.
718 3137 722 3142 '

300 3232 422 3292 Domine
438 3233 532 3308 Deus,
556 3253 704 3311 quousque
719 3239 765 3298 ira
779 3244 830 3298 tue
846 3239 1002 3302 desaeviet?
1024 3245 1070 3303 En
1085 3244 1205 3318 pertulit
1225 3239 1378 3303 Germania

211 3341 335 3412 pestem,
356 3337 460 3398 lamam
483 3341 564 3413 panis
588 3345 617 3399 et
632 3342 758 3416 gladium
778 3344 901 3403 hostium
922 3353 1086 3407 exterorum
1102 3354 1131 3408 et
1145 3349 1282 3408 intestina
1297 3344 1377 3414 bella,

210 3459 264 3504 neo
278 3448 374 3506 tamen
389 3443 454 3506 linis
470 3453 522 3507 est.
547 3448 675 3508 Minatur
690 3450 801 3522 ereptio
816 3451 896 3510 verbi
910 3453 962 3512 tui.
999 3452 1111 3512 Caetera
1133 3454 1229 3513 omnia
1239 3429 1320 3526 iuste
1333 3463 1377 3509 ve·

210 3555 316 3610 nerunt
329 3567 416 3626 super
430 3569 482 3613 uos
502 3562 622 3628 propter
641 3557 749 3615 scelera
764 3560 872 3615 nostre.
916 3555 940 3615 0
956 3557 1077 3631 domine,
1095 3563 1123 3616 et
1137 3557 1192 3616 boo
1206 3565 1376 3632 postremum

211 3668 324 3726 quoque
338 3655 429 3726 probe
443 3675 594 3719 meremur.
627 3662 734 3720 Verum
749 3661 1012 3722 misericordissime
1027 3662 1107 3738 deus,
1131 3669 1164 3723 ut
1178 3680 1231 3722 uos
1246 3663 1376 3738 indignos

209 3760 375 3828 peccatores
389 3758 518 3818 conlusio
533 3761 617 3822 laeiei
632 3772 662 3824 et
682 3769 777 3826 omnia
791 3768 868 3826 mala
882 3766 998 3842 decent,
1019 3769 1062 3827 ita
1076 3767 1211 3829 thronum
1224 3775 1306 3828 tuum
1320 3767 1375 3828 lor·

208 3856 312 3931 titudo,
336 3860 548 3933 magnificentia
563 3872 592 3925 et
606 3869 803 3931 misericordia
817 3866 908 3932 deo'et.
945 3873 1104 3946 Propterea
1127 3890 1162 3932 ex
1177 3875 1233 3933 imo
1248 3879 1279 3933 te
1293 3885 1374 3948 roge·

208 3975 272 4022 mus
287 3969 413 4038 pectore,
429 3964 512 4025 eulor
526 3982 545 4025 a
559 3971 641 4030 nobis
655 3974 761 4032 malum
775 3976 829 4034 hoc
845 3983 874 4036 et
887 3993 923 4036 ne
939 3976 989 4038 des
1009 3979 1084 4038 ieme
1100 3981 1181 4040 verbi
1199 3981 1251 4051 tui,
1276 3980 1306 4038 in
1321 3991 1375 4053 quo

209 4065 271 4128 solo
290 4069 423 4146 vivinms,
444 4085 496 4130 nos
521 4076 644 4134 enecari.
682 4077 727 4136 Ne
746 4082 883 4154 respicies
903 4090 1032 4143 nostram
1054 4101 1123 4158 erge
1137 4091 1216 4145 tuam
1230 4085 1372 4159 pietatem,

209 4185 227 4230 o
244 4172 323 4248 deus,
339 4176 584 4253 ingratitudinem,
601 4181 652 4240 sed
666 4183 870 4243 misericordiae
885 4192 943 4246 ture
959 4190 1085 4262 entique
1100 4191 1253 4251 recordere
1268 4199 1374 4263 nosque

209 4274 315 4338 diutius
329 4281 416 4340 verbo
436 4287 486 4341 tuo
501 4299 618 4357 pascere
635 4285 771 4360 digneris.
802 4289 887 4350 Mitte
902 4299 993 4366 peter,
1017 4294 1097 4353 mitte
1112 4297 1261 4368 operarios
1276 4293 1372 4356 fideles

207 4378 239 4440 io
252 4397 373 4444 messem
386 4391 465 4448 taam
484 4393 513 4447 et
527 4406 666 4456 conserve
681 4397 710 4452 et
724 4391 854 4455 ooolorta
874 4412 937 4472 eos,
960 4414 1031 4470 quos
1053 4397 1158 4461 dedisti
1180 4401 1271 4476 uobis,
1295 4415 1331 4460 ns
1344 4399 1372 4456 in
