3028 4894
720 305 760 371 ta

153 489 295 565 saxoniae,
311 489 438 550 Joannes
456 486 622 549 Fridericus
638 487 767 562 captiuus
782 491 811 548 et
819 486 974 548 Mauritius
988 500 1109 562 corpore
1116 477 1203 560 liber,
1219 484 1326 547 elector

151 596 341 670 treverensis,
368 595 565 669 moguntinus,
592 594 777 666 coloniensis,
806 593 960 654 cardinalis
988 591 1160 652 tridentinus
1183 594 1213 651 ct
1236 607 1325 666 augn-

152 707 267 776 stanus,
291 699 419 762 marchio
440 699 547 759 elector
562 703 592 757 et
606 699 625 758 J
626 714 732 758 oannes
748 699 810 772 ejus
824 696 928 773 irater,
948 714 1000 757 nec
1015 713 1073 758 non
1087 697 1225 757 Albertus
1239 697 1325 757 bran·

151 806 370 881 denburgensis,
381 805 549 865 wilhelmus
558 804 690 864 Bavariae
706 805 765 864 dux
778 820 841 863 cum
849 803 969 864 Alberto
981 801 1041 863 filio
1056 808 1086 862 et
1099 803 1176 862 omni
1191 818 1326 877 wracen

152 927 217 986 suo,
238 911 340 971 Ericm
362 915 391 970 ct
411 910 561 986 Philippus
581 908 667 969 duces
689 925 707 968 a
726 909 924 983 Brunschwig,
946 914 975 968 et
994 907 1135 966 Ernaatus
1155 923 1173 966 a
1195 905 1324 967 Gruben-

151 1017 245 1091 hagen
258 1021 312 1076 etc.
334 1031 427 1076 comes
443 1033 461 1075 a
474 1015 604 1090 Nassaw,
622 1014 737 1074 domina
752 1016 884 1089 princeps
900 1013 1021 1087 Hassiae,
1039 1013 1146 1072 elector
1161 1013 1325 1087 Mauritius,

151 1122 300 1195 episcopus
319 1120 531 1195 eichstatensis,
548 1119 713 1180 Fridericus
732 1118 880 1180 Palatinus
897 1121 1012 1194 elector,
1029 1117 1249 1192 saltzburgensis
1266 1119 1326 1192 api·

152 1242 265 1302 scopus,
282 1227 462 1302 coloniensis,
478 1227 647 1287 trevirensis
663 1226 724 1286 lere
740 1244 775 1286 ex
790 1226 890 1286 ordine
904 1224 1029 1297 hospitia
1043 1224 1139 1283 vicina
1152 1224 1267 1284 habent.

240 1350 278 1392 xv
293 1331 410 1407 Aprilis,
427 1348 492 1405 quae
508 1339 572 1392 erat
586 1331 728 1392 dominica
743 1331 958 1392 Misericordiae
973 1329 1098 1404 Domini,
1115 1331 1209 1391 animo
1225 1333 1326 1392 statui·

152 1456 228 1516 mus,
245 1441 270 1499 si
285 1440 416 1514 daretur,
437 1440 602 1500 concionem
617 1455 728 1499 sacram
743 1437 868 1497 Musculi
883 1435 991 1496 audire.
1031 1437 1059 1495 Is
1075 1437 1104 1495 in
1120 1436 1228 1512 templo
1242 1436 1327 1496 Mau·
1369 1459 1371 1463 ’

151 1546 211 1606 ritii
226 1561 308 1606 sacro
326 1545 362 1605 de
376 1542 472 1604 verbis
488 1543 593 1604 Christi
608 1561 643 1603 ex
658 1545 772 1604 Joanne
789 1544 955 1606 »Modicum
971 1542 1102 1602 videbitis
1117 1557 1172 1616 me,
1195 1547 1224 1601 et
1237 1541 1327 1601 modi·
1422 1626 1425 1631 -

152 1667 216 1710 cum
225 1667 283 1710 non
295 1650 427 1710 videbitis
438 1666 514 1724 me«,
528 1652 595 1709 item
607 1651 686 1709 »Vos
696 1666 753 1709 non
762 1650 920 1722 relinquam
930 1647 1094 1720 orphanos«
1107 1654 1160 1706 etc.
1170 1648 1239 1707 item
1251 1649 1328 1707 »Vos

151 1755 299 1827 videbitis,
316 1755 438 1814 mundus
459 1760 556 1814 autem
576 1770 633 1813 non
653 1754 780 1813 videbit«
801 1755 961 1812 luculenter
980 1758 1011 1811 ct
1024 1753 1071 1824 pio
1088 1751 1236 1825 disseruit,
1260 1751 1327 1811 edo·

151 1876 233 1933 cens,
254 1863 361 1933 quanto
378 1873 476 1920 amore
492 1857 622 1917 Christus
637 1874 703 1918 suos
718 1863 925 1932 prosequatur,
943 1857 992 1931 qui
1007 1858 1063 1916 sint
1079 1857 1199 1930 orphani
1215 1872 1328 1932 quoque

152 1963 285 2026 ostendit.
308 1962 356 2023 Ad
363 1962 426 2021 hacc
435 1962 624 2037 quamdulcis
637 1963 675 2022 sit
687 1963 842 2024 consolatio
854 1963 908 2036 piis
920 1963 1014 2023 animo
1030 1962 1189 2021 haeverba
1202 1964 1327 2038 volvere,

152 2069 260 2129 scilicet
276 2067 390 2127 »Alium
399 2069 573 2142 paracletum
584 2068 695 2128 mittam
704 2067 813 2127 vobis«
832 2069 903 2128 Item
914 2073 942 2127 et
951 2083 1049 2126 omnes
1058 2067 1098 2142 pii
1107 2067 1329 2127 consolationem

118 2249 122 2256 ι
149 2173 218 2232 hinc
240 2188 344 2249 capere
365 2174 490 2246 possint,
514 2173 605 2231 Deum
625 2174 856 2248 benignissimum
876 2179 988 2248 patrem
1009 2189 1067 2233 non
1086 2173 1253 2232 relicturum
1274 2173 1327 2232 sibi

152 2277 272 2340 fidentes
287 2278 439 2354 orphanos.

156 2401 169 2414 ·
240 2383 351 2444 Eadem
365 2383 444 2459 apud
458 2382 589 2444 comitam
602 2383 782 2444 Guiliclmum
797 2385 896 2458 pransi
911 2401 1016 2445 sumus.
1056 2385 1219 2446 Adbrerunt
1233 2400 1327 2445 comes

152 2488 308 2564 aNasaau,
326 2504 419 2548 comes
434 2489 583 2565 Philippus
598 2490 635 2550 ab
651 2490 816 2565 Eberstcin,
833 2492 882 2564 qui
898 2507 974 2551 anno
990 2493 1133 2566 superiori
1148 2492 1179 2551 in
1193 2491 1326 2551 sodalitio
1348 2495 1351 2500 ’

152 2595 314 2656 Paclrmohr
329 2593 432 2656 fuerat.
454 2595 563 2655 Doctor
577 2585 664 2670 Vaix,
682 2596 873 2664 cancellarius,
884 2597 1018 2656 Mauricii
1033 2597 1174 2658 electoris.

241 2699 429 2760 Proverbium
444 2701 579 2776 italicum,
597 2702 683 2776 quod,
700 2701 772 2775 proh
787 2701 877 2777 dolor,
895 2707 924 2762 'et
936 2701 991 2761 hoc
1004 2720 1066 2762 aevo
1077 2701 1226 2764 Germanis
1241 2717 1326 2776 pecu-

152 2806 223 2864 liare
247 2809 305 2865 est:
336 2807 429 2866 Homo
449 2812 561 2866 mortuo
584 2823 621 2866 ne
642 2805 708 2880 lays
731 2823 850 2882 guerra,
875 2807 931 2865 Ein
954 2807 1038 2867 thodt
1057 2825 1142 2867 mann
1164 2805 1239 2867 lahtt
1260 2807 1327 2867 kein

152 2908 234 2982 kricg
255 2924 302 2967 an.

240 3012 351 3072 Eadem
366 3027 401 3072 so
416 3014 493 3087 quod
507 3030 618 3073 annuus
635 3015 694 3073 dies
709 3021 785 3074 esset
795 3019 826 3074 in
842 3021 1012 3090 perpetuum
1022 3005 1172 3074 Germanis
1187 3016 1326 3092 lugendus

154 3123 183 3178 ct
198 3121 263 3177 atro
283 3117 438 3191 signandus
461 3119 572 3192 lapillo,
598 3133 654 3191 quc
674 3119 882 3178 illustrissimus
897 3120 916 3179 J
917 3135 1026 3180 oannes
1041 3113 1206 3181 Fridericus
1221 3123 1327 3182 elector

153 3222 191 3282 ad
205 3221 315 3297 Albim,
339 3221 408 3296 iuga
428 3222 481 3282 sibi
502 3223 667 3283 consulente
687 3226 814 3284 exercitu
836 3226 897 3298 ejus
919 3242 952 3285 ac
971 3241 1076 3300 magna
1096 3241 1247 3302 procerum
1265 3228 1326 3300 ejus

153 3335 236 3406 parte
251 3328 289 3388 ab
304 3344 338 3389 eo
354 3328 391 3388 ad
405 3331 500 3389 hostes
515 3327 677 3404 deficiente,
703 3347 766 3388 cum
781 3331 881 3405 paucis
895 3332 948 3392 sibi
964 3329 1029 3390 fidis
1044 3337 1145 3406 captus
1161 3338 1251 3406 esset,
1275 3349 1325 3392 ex-

153 3436 296 3496 cubitores
311 3451 345 3497 ac
359 3437 486 3510 reliquus
501 3436 650 3513 Hispanias
665 3436 824 3511 peditatus,
842 3436 943 3510 quibus
958 3452 1019 3496 mos
1036 3441 1081 3496 est
1095 3436 1259 3498 bombardis
1274 3438 1324 3497 sti·
1408 3473 1411 3480 ·

153 3543 242 3618 pendi
250 3543 381 3617 emereri,
392 3549 438 3602 ter
447 3547 515 3602 ante
524 3542 676 3616 hospitium
688 3541 767 3600 ducis
777 3543 908 3602 electoris
922 3543 1074 3602 immodum
1085 3544 1183 3602 circuli
1192 3549 1326 3605 coeuntes

153 3649 249 3708 sonitu
273 3646 396 3708 terribili
419 3648 523 3707 coelum
552 3663 642 3722 usquc
661 3645 785 3722 pedaute
806 3649 943 3723 sulphure
962 3653 992 3707 et
1014 3650 1133 3723 pulvere
1152 3649 1325 3710 amentario

153 3768 214 3828 prae
232 3752 334 3811 latitia
355 3752 509 3826 gestientes
532 3756 562 3810 ct
582 3759 702 3812 ovantes
723 3769 787 3812 eam
809 3755 936 3813 rictoriae
963 3771 1022 3813 suae
1047 3771 1109 3814 esse
1131 3755 1207 3814 diam
1228 3757 1327 3815 testati

145 3861 228 3917 'sunt
267 3857 452 3918 Fortissimus
479 3860 576 3915 autem
597 3857 654 3916 dux
676 3873 691 3916 e
711 3856 839 3918 fenestra
859 3861 1036 3935 prospiciens
1055 3859 1228 3920 nebulonum
1249 3863 1325 3920 insa-

153 3963 229 4024 niam
244 3962 316 4022 risit.

241 4067 322 4142 Papa
336 4067 470 4127 Parmam
491 4072 521 4126 et
534 4065 711 4126 Placentiam
732 4066 831 4144 urbes,
856 4069 893 4128 ob
909 4086 980 4144 quas
1002 4070 1108 4131 bellum
1128 4074 1202 4132 inter
1222 4087 1326 4147 papam

154 4178 182 4233 et
199 4171 341 4232 Gaesarem
356 4159 464 4232 exoriri
477 4171 645 4247 timebatur,
666 4172 701 4232 ad
718 4190 820 4233 manus
836 4173 958 4233 Oaesaris
972 4177 1130 4250 resignavit
1144 4193 1178 4236 aa
1193 4178 1270 4251 lege,
1294 4183 1327 4236 nt

153 4276 205 4337 filii
226 4295 309 4353 papae
331 4278 432 4337 harum
455 4278 601 4337 civitatum
628 4276 835 4352 gubernatores
856 4287 1066 4352 permanerent.
1113 4281 1160 4340 Sic
1181 4279 1325 4340 Cretensis

155 4384 304 4462 Aegonitoe
320 4385 484 4448 commissus
499 4385 579 4446 norit
593 4385 766 4445 comminisci
781 4384 885 4446 dolum.
