2966 4900
124 511 220 578 petaa
234 509 310 562 sunt.
349 503 461 564 Deinde
482 503 627 576 digressus
649 503 795 562 Masculus
817 503 944 564 adhaec
964 508 1134 566 sententiam
1149 507 1300 568 enuclean-

123 609 209 668 dam:
234 609 309 681 Quia
323 626 381 667 non
395 614 538 666 noverunt
551 625 597 667 me
612 623 705 680 neque
720 624 784 666 eum
800 610 848 682 qui
863 611 940 668 misit
954 627 1000 669 me
1015 616 1069 670 etc.
1099 613 1154 670 Hic
1171 614 1299 685 disputa·

123 713 178 772 bat
193 712 355 786 eniteret,
370 719 403 772 ut
419 712 548 770 Christus
564 711 684 772 diceret:
707 713 774 772 Non
790 721 984 786 cognoverunt
1006 731 1070 773 eum
1090 717 1138 788 qui
1153 717 1231 774 misit
1245 733 1299 791 me,

123 833 197 874 uum
218 816 315 875 Jadaei
342 833 409 874 non.
423 816 631 890 agnovissent?
669 817 730 874 lmo
753 822 934 890 agnoverunt
952 817 1054 877 Deum.
1092 819 1168 878 Nam
1182 826 1212 879 et
1225 823 1299 880 teste

123 921 220 979 Paulo
236 923 343 979 ethnici
359 921 405 980 dei
421 923 550 980 notitiam
565 921 737 980 hahuerunt.

217 1025 272 1083 His
287 1025 371 1100 addc,
395 1025 471 1099 quod
485 1025 580 1084 iudai
604 1026 696 1098 legem
710 1024 874 1084 habuerunt
888 1032 917 1086 et
931 1026 1096 1100 prophetes.
1134 1029 1190 1087 Hic
1204 1033 1300 1088 autem

123 1129 271 1202 implicem
286 1146 349 1188 esse
363 1131 555 1203 cognitionem
573 1129 620 1187 dci
643 1130 748 1188 docuit.
788 1129 913 1188 Primam
928 1147 1084 1204 agnoscere
1101 1132 1199 1207 deum,
1223 1132 1301 1206 quod

122 1239 242 1293 creator·
257 1235 323 1292 coeli
338 1241 368 1292 ct
382 1239 468 1292 terrae
484 1234 530 1305 sit,
547 1235 642 1292 omnia
657 1249 745 1307 agens
761 1232 914 1306 atterens,
937 1240 966 1292 et
985 1236 1051 1294 talis
1066 1238 1190 1308 cognitio
1205 1238 1298 1309 genti·

123 1339 179 1399 bus
196 1327 311 1412 quoque
327 1337 537 1410 quodammodo
555 1339 657 1411 inerat,
674 1339 797 1396 mexirnc
812 1343 907 1396 autern
917 1337 936 1395 J
938 1338 1038 1397 adaeis.
1061 1339 1145 1411 Quod
1159 1355 1230 1398 vcro
1246 1337 1299 1398 deo

123 1444 254 1502 creatori
275 1456 327 1500 suo
348 1441 465 1500 obedire
485 1447 515 1500 et
534 1441 650 1501 credere
671 1443 700 1499 in
721 1440 865 1498 Christum
887 1440 943 1498 illis
967 1459 985 1500 a
1008 1441 1062 1500 deo
1082 1448 1165 1514 patre
1184 1443 1301 1500 missum

123 1547 272 1606 voluerint
286 1562 321 1604 ac
335 1545 390 1604 hoc
405 1546 535 1604 instituto
550 1546 714 1619 longissime
730 1547 859 1618 aberant,
876 1547 951 1604 sicut
965 1547 1074 1604 Paulus
1089 1548 1145 1604 ait:
1163 1545 1220 1604 Ore
1236 1547 1297 1620 qai·

125 1651 192 1708 dem
208 1647 389 1722 confitentur,
406 1649 458 1708 sed
472 1649 556 1707 lactis
572 1655 688 1723 negant.
712 1649 845 1722 Exempli
859 1649 963 1722 gratia,
980 1649 1005 1706 si
1017 1650 1223 1722 paterfamilias
1238 1667 1298 1709 ser-

124 1771 192 1812 vum
209 1753 351 1825 quendam
366 1753 480 1826 hebeat,
496 1755 545 1826 qui
559 1755 660 1813 herum
672 1771 753 1813 snum
764 1758 986 1826 pretereuntem
1004 1761 1174 1827 agnosceret
1189 1754 1298 1814 dicens:

127 1859 187 1916 Iste
204 1857 349 1916 esthama
364 1873 453 1916 meus.
478 1857 550 1930 ¹Uhi
571 1835 667 1916 autem
686 1857 891 1931 paterfamilias
913 1857 1060 1930 quippiam
1077 1857 1238 1918 faciendum
1253 1861 1297 1916 in·

122 1963 273 2035 jungeret,
299 1967 328 2020 et
350 1963 374 2019 is
396 1967 562 2033 contempto
581 1963 652 2020 hero
667 1965 750 2036 jussa
765 1961 864 2021 abnuit
883 1966 912 2019 et
926 1967 1101 2036 praeceptum
1117 1965 1178 2036 ejus
1193 1979 1299 2036 susque

126 2067 221 2137 deque
236 2064 349 2138 iecerit,
365 2083 461 2124 nonne
476 2067 542 2124 huic
557 2067 643 2125 herus
658 2067 785 2125 (licturus
797 2069 854 2124 est:
873 2066 922 2124 Vis
938 2065 1051 2138 quidem
1068 2068 1159 2124 videri
1176 2065 1298 2124 famulus

126 2186 215 2243 meus,
232 2175 263 2229 at
278 2187 313 2228 ca
328 2187 392 2242 qum
405 2171 494 2242 iubeo
509 2169 604 2230 iacere
618 2173 726 2242 renuis,
749 2170 880 2242 proiecto
896 2185 948 2227 nec
963 2186 1007 2227 me
1023 2171 1122 2228 herum
1138 2177 1219 2229 tuum
1234 2189 1298 2232 esse

129 2275 271 2347 agnoscis.
296 2276 376 2332 Talis
393 2276 507 2348 quidem
522 2291 568 2332 res
583 2276 675 2347 prima
687 2274 733 2332 dei
757 2275 866 2346 agnitio
881 2278 934 2330 est.
958 2273 1059 2331 Altera
1075 2275 1121 2332 est'
1134 2277 1207 2346 quod
1227 2277 1297 2335 deus

128 2378 244 2451 quidem
259 2379 423 2451 agnoscitur
438 2395 501 2437 esse
515 2379 704 2451 omnipotens,
720 2377 820 2450 bonas,
842 2377 1003 2434 misericors
1020 2383 1049 2434 et
1061 2378 1155 2464 justus
1171 2383 1200 2435 et
1216 2377 1298 2436 Chri·

128 2490 203 2542 stum
225 2484 339 2557 quidem
358 2484 475 2542 missum
497 2501 515 2541 a
538 2485 609 2556 deo,
639 2499 738 2540 veram
760 2481 838 2554 quod
860 2497 945 2538 verus
964 2481 1035 2539 deus
1058 2488 1087 2539 et
1108 2483 1192 2540 homo
1215 2481 1297 2542 nobis

128 2589 239 2646 venerit
261 2588 290 2646 in
306 2588 443 2646 mundum
460 2593 489 2644 et
504 2585 581 2659 quod
597 2585 679 2644 nobis
694 2587 786 2658 nasci,
811 2586 923 2656 vivere,
943 2586 1018 2660 peti,
1039 2586 1111 2642 mori
1129 2586 1253 2658 denique
1268 2591 1298 2645 et

128 2707 281 2764 resurgere
298 2691 429 2764 voluerit,
447 2707 503 2764 quo
519 2707 571 2748 nos
585 2707 638 2763 per
653 2693 773 2746 mortem
794 2691 855 2762 eJ‘us
875 2689 963 2747 solius
978 2691 1065 2747 vitam
1080 2695 1216 2747 aeternam
1232 2707 1298 2749 con·

128 2812 297 2869 sequamur,
319 2812 377 2854 non
397 2795 516 2854 credere
536 2793 661 2852 et-alios
684 2794 872 2867 opitulatores
898 2800 927 2852 et
948 2794 1024 2852 bona
1046 2811 1135 2866 opera
1157 2810 1295 2866 quaerere.

128 2901 190 2960 Nec
204 2901 266 2958 heac
281 2916 395 2973 quoque
410 2904 490 2958 recta
505 2899 552 2958 dei
567 2899 674 2972 agnitio
691 2904 742 2957 est.
786 2898 833 2955 Sic
848 2898 923 2957 enim
938 2883 1041 2971 iudei,
1057 2899 1252 2958 Mahometani
1268 2906 1297 2958 et

130 3005 308 3075 specietenus
332 3003 486 3062 Christiani
510 3007 670 3075 quaerentes
688 3001 774 3060 deum
795 3010 826 3062 et
846 3009 1048 3077 agnoscentes,
1069 3021 1126 3062 non
1147 3004 1296 3063 credentes

129 3108 159 3166 in
174 3107 317 3166 Christum
332 3109 463 3179 missum,
487 3115 517 3166 et
538 3108 594 3165 illis
609 3107 701 3180 ipsum
723 3110 753 3166 in
767 3109 937 3188 salvatorem
953 3125 987 3166 ac
1002 3109 1219 3182 propitiatorem
1234 3110 1297 3166 uni·

130 3228 191 3270 cum
208 3211 306 3271 datum
320 3209 431 3270 frustra
447 3197 616 3286 gloriantur,
649 3229 679 3270 se
696 3212 780 3270 deum
795 3219 824 3271 et
837 3229 922 3272 nosse
938 3219 1086 3273 ciamare.
1125 3215 1164 3272 Et
1179 3215 1296 3284 quicun-

129 3332 184 3388 que
200 3315 344 3373 Christum
358 3333 376 3374 a
390 3322 489 3390 patre,
513 3318 586 3375 sicut
600 3316 706 3376 dictum
722 3322 778 3388 est,
795 3318 925 3390 missum,
942 3331 1000 3374 non
1016 3324 1184 3388 agnoscunt,
1200 3318 1230 3374 hi
1244 3334 1297 3375 nec

129 3420 213 3479 deum
228 3424 339 3492 patrem
355 3422 441 3480 etiam
456 3421 518 3492 ipso
536 3420 648 3480 Christo
664 3426 736 3479 teste
752 3425 918 3493 agnoscunt.
958 3419 1058 3476 Tertia
1072 3425 1167 3476 autem
1184 3425 1213 3476 et
1227 3436 1296 3476 vera

128 3523 174 3582 dei
189 3525 315 3597 cognitio
330 3525 392 3582 hac
408 3530 459 3596 est,
484 3526 556 3582 scire
579 3524 795 3596 deun-patrem
816 3539 851 3581 ex
866 3524 1003 3578 immensa
1025 3538 1078 3578 sua
1092 3521 1232 3580 charitate
1247 3522 1296 3580 Je-

128 3645 190 3686 sum
214 3626 357 3686 Christum
382 3627 470 3686 filium
496 3645 579 3686 suum
605 3628 719 3685 unicum
745 3627 776 3682 in
798 3627 873 3682 lmnc
895 3623 1030 3682 mundum
1050 3625 1174 3697 misisse,
1198 3631 1230 3684 ut
1244 3642 1296 3698 per

128 3733 267 3806 ipsamet
281 3733 310 3790 in
325 3749 376 3791 suo
392 3739 573 3812 sacrosancto
589 3733 729 3804 sanguine
743 3728 898 3788 liberemur
912 3745 930 3786 a
943 3733 1050 3802 morte,
1071 3729 1185 3790 diabolo
1208 3735 1237 3788 et
1250 3731 1294 3789 in-

128 3835 226 3908 ferno,
249 3851 283 3894 ac
297 3843 330 3895 ut
344 3840 451 3909 omnis,
479 3838 527 3908 qui
549 3835 640 3895 credit
659 3837 688 3893 in
711 3851 788 3907 eum,
812 3849 870 3891 non
884 3841 1000 3906 pereat,
1024 3835 1075 3894 sed
1089 3835 1195 3896 habeat
1210 3838 1296 3894 vitam

129 3945 274 3998 aeternam.
314 3940 371 3998 'Ac
391 3940 511 4001 eundem
531 3946 641 4013 patrem
663 3940 768 3998 dixisse
791 3939 1033 4012 praecepisseque,
1060 3947 1092 3998 ut
1113 3940 1189 3997 hunc
1203 3942 1295 4009 ipsum

130 4044 273 4104 Christum
288 4044 459 4103 audiremus.
488 4045 528 4101 Et
542 4045 595 4102 hoc
609 4048 662 4116 est,
679 4045 755 4116 quod
771 4043 900 4101 Christus
915 4043 967 4102 ait:
997 4044 1069 4114 Quia
1084 4059 1141 4099 nou
1155 4057 1296 4113 cognove-

128 4155 196 4208 runt
217 4166 297 4221 eum,
321 4150 370 4220 qui
390 4151 467 4207 misit
487 4165 542 4206 me.
579 4148 650 4206 Haec
675 4154 771 4206 autem
795 4149 920 4220 cognitio
945 4163 980 4204 en
1004 4145 1157 4218 largitione
1179 4145 1295 4215 spiritus

129 4256 219 4313 sancti
234 4259 293 4312 ete
310 4254 441 4325 supernis
456 4254 543 4312 venit.
580 4253 660 4311 Sicut
675 4252 804 4310 Christus
824 4251 862 4308 ad
881 4257 993 4324 patrem
1007 4252 1100 4322 ipsum
1115 4245 1296 4308 confitentem

130 4355 217 4416 tilium
233 4358 280 4416 dei
295 4358 350 4416 eit:
373 4358 480 4416 Beatus
503 4375 534 4416 es
550 4357 647 4416 Simon
662 4357 720 4416 Bar
734 4357 818 4428 Joua,
840 4356 907 4426 quia
921 4369 989 4412 caro
1005 4358 1034 4411 et
1048 4354 1164 4426 sanguis
1179 4371 1237 4413 non
1251 4371 1296 4414 re-
