2948 4902
740 305 804 374 lca

191 501 290 561 pones.
328 487 501 562 Veritatem,
517 487 627 562 inquit,
643 486 715 550 dico.
746 487 865 546 Possem
880 487 1003 561 obliquis
1015 486 1194 545 sermonibus
1209 490 1241 543 te
1255 484 1381 543 diutius

193 590 333 666 detinere,
349 591 400 651 sed
415 591 508 665 quid?
532 591 576 652 Tu
592 593 705 652 interim
728 597 757 650 et
772 597 885 666 tempus
901 597 977 660 teres
993 598 1022 651 et
1036 590 1130 649 oleum
1145 596 1173 648 et
1188 605 1316 662 oporam
1332 587 1381 648 fa.

191 696 293 754 ciendo
309 697 468 772 sumptibus
483 695 596 772 perdes.
635 696 825 771 Cogitandum
849 697 938 770 igitur
953 696 1022 771 tibi,
1039 701 1071 754 ut
1086 695 1299 769 quamprimum
1318 695 1379 750 im-

191 805 353 872 peratorem
368 801 543 860 reconcilies.
581 803 645 875 Ego
670 807 766 862 autern
788 801 876 861 tertio
895 801 972 874 quod
987 801 1107 860 antehac
1121 799 1190 872 petii
1212 797 1378 870 urgebam,

191 907 307 979 praesuli
322 923 375 980 per
388 906 533 965 evidentia
548 911 715 985 argumenta
737 907 937 968 demonstrans
959 922 1012 966 nac
1026 905 1163 964 ditionem
1178 919 1230 962 nec
1245 920 1300 961 res
1321 901 1378 961 do-

191 1011 322 1068 mesticas
345 1009 383 1069 ad
403 1011 488 1068 talem
508 1026 644 1073 summam
665 1011 874 1084 congerendam
898 1011 966 1068 mihi
989 995 1129 1082 sufficere,
1153 1008 1219 1080 quin
1242 1007 1380 1079 insuper

191 1113 260 1170 mihi
275 1112 365 1187 magis
380 1113 481 1187 religio
497 1112 581 1188 foret,
598 1116 622 1173 si
638 1116 737 1176 caesari
753 1131 815 1190 eam
831 1131 968 1174 summam
984 1115 1117 1174 daturum
1131 1129 1176 1171 me
1191 1113 1378 1191 reciperem,

192 1234 255 1278 cum
272 1236 330 1278 non
345 1225 420 1280 essct
434 1220 537 1280 virium
552 1237 695 1296 mearum,
718 1223 856 1295 majorem
879 1221 993 1280 caesaris
1013 1221 1086 1276 iram
1100 1213 1130 1276 in
1145 1231 1189 1275 mo
1203 1217 1377 1289 concitare,

192 1323 259 1396 quia
274 1323 411 1384 solvendo
427 1339 484 1384 non
501 1326 553 1383 sim
569 1331 623 1385 cto.
649 1325 705 1386 Sed
720 1327 764 1385 his
779 1323 884 1384 auditis
899 1324 1004 1396 praesul
1020 1322 1076 1382 ait:
1099 1319 1294 1393 iampridem
1313 1319 1378 1377 tibi

191 1427 263 1503 dixi,
287 1433 319 1488 ut
334 1446 365 1488 se
387 1447 433 1490 res
453 1431 575 1505 habent„
602 1432 672 1490 nihil
692 1445 807 1504 possum
826 1429 956 1503 amplius.
993 1427 1102 1486 Videns
1121 1427 1207 1499 igitur
1226 1421 1378 1481 Eubulus

191 1533 398 1593 conclamatum
421 1553 493 1610 csse,
518 1537 626 1610 Nequit
648 1537 736 1610 igitur
756 1534 842 1595 aliter
861 1531 944 1592 fieri?
965 1532 1037 1591 dixit
1051 1529 1260 1590 Atrebatensis:
1284 1527 1375 1586 Pro·

191 1636 275 1712 lecto,
292 1641 399 1711 nequit.
424 1641 497 1699 Tum
512 1637 655 1700 Eubulus:
678 1641 756 1714 Ergo
771 1639 835 1698 Deo
851 1639 942 1698 omnis
962 1653 1049 1696 causa
1064 1633 1273 1695 committenda.
1310 1632 1377 1692 Ast

192 1757 244 1814 ego
262 1740 422 1830 destructus
438 1761 499 1802 sum
516 1743 545 1804 et
560 1747 642 1818 quasi
657 1744 694 1804 ad
703 1744 919 1818 mendicitatem
935 1743 1059 1816 redigor.
1084 1739 1236 1810 Ocudoleo‚
1253 1739 1374 1812 inquit,

191 1844 244 1904 tibi
259 1846 367 1919 praesul
382 1863 417 1904 ex
431 1850 535 1910 animo.
565 1849 603 1908 Et
618 1850 642 1908 si
658 1849 726 1923 quid
740 1853 883 1922 praetcrea
897 1847 1061 1922 potuissem,
1077 1849 1209 1922 prompta
1223 1841 1375 1903 voluntas

191 1964 261 2023 erga
276 1955 305 2008 te
320 1966 384 2011 mea
398 1968 456 2011 non
471 1951 571 2012 defuit.
599 1955 667 2027 Ipse
682 1955 756 2012 enirn
772 1969 856 2026 quam
871 1953 924 2013 tibi
938 1967 1097 2026 propensus
1112 1949 1224 2022 hicum,
1246 1945 1370 2022 vidisti;

191 2054 286 2112 omnia
301 2071 437 2128 namque,
460 2073 523 2130 quoe
543 2074 618 2116 nunc
633 2075 651 2116 a
666 2073 712 2117 mc
726 2060 788 2132 ipse
812 2063 843 2118 tn
867 2057 1014 2131 audivisti,
1039 2054 1138 2114 eadem
1153 2058 1183 2112 ct
1196 2054 1239 2112 his
1254 2054 1372 2114 similia

190 2158 253 2218 heri
268 2160 356 2218 nobili
376 2161 424 2220 isti
445 2161 623 2238 (existimans
644 2164 791 2224 Liberium
811 2178 847 2220 ex
861 2162 915 2220 istc
936 2160 1082 2220 hominum
1098 2173 1202 2231 genere
1217 2153 1292 2230 esse)
1312 2175 1367 2216 re-

190 2263 252 2322 tuh.
291 2266 484 2341 Interroganti
506 2268 593 2342 igitur
613 2270 722 2344 ipsum,
739 2268 809 2342 quid
824 2268 861 2327 de
876 2265 1077 2340 capitulatione
1092 2263 1217 2322 futurum
1233 2264 1280 2336 sit,
1306 2264 1367 2338 ait,

191 2370 338 2430 conscribe
360 2372 429 2430 mihi
450 2371 650 2446 obligationem
670 2379 699 2433 et
714 2389 800 2447 ocyus
819 2374 872 2434 tibi
893 2371 1126 2447 capitulationem
1140 2368 1261 2428 nciam
1300 2367 1370 2430 Sed
1391 2429 1394 2435 Δ

190 2492 254 2534 cum
278 2476 401 2536 dicerem
421 2494 465 2536 ma
490 2478 605 2537 modum
625 2477 891 2538 conscribendarum
911 2476 1013 2535 harum
1032 2475 1155 2547 nescire,
1176 2474 1238 2546 ipsc
1252 2475 1368 2545 praesul

189 2580 309 2640 formam
325 2583 468 2654 quandam
491 2584 552 2657 ejus
568 2582 667 2660 scripti
689 2580 841 2642 referebat.
880 2581 991 2655 Rogavi
1006 2579 1103 2652 igitur,
1119 2584 1151 2637 ut
1165 2594 1217 2652 pcr
1231 2583 1365 2636 secreta·

190 2688 264 2745 rium
279 2703 360 2744 sunm
376 2704 438 2746 eam
454 2687 522 2745 mihi
537 2687 676 2746 conscribi
691 2687 880 2760 permitteret.
901 2686 1027 2758 Negavit
1040 2683 1070 2744 id
1084 2681 1147 2742 fieri
1162 2697 1254 2756 posse.
1286 2679 1363 2740 (lum

190 2807 258 2850 vero
273 2807 399 2850 mensem
413 2793 431 2855 J
433 2792 520 2850 ulium
535 2791 687 2850 terminum
707 2791 746 2850 ad
767 2790 913 2849 dimidium
935 2796 1053 2874 summae
1073 2786 1253 2862 pendendum
1269 2789 1363 2845 nomi·

190 2902 283 2969 naret,
300 2900 329 2954 et
344 2913 396 2970 ego
412 2896 574 2957 diceremid
589 2912 642 2971 par
657 2895 913 2969 impossibihtatem
927 2892 990 2953 fieri
1005 2910 1063 2954 non
1078 2909 1171 2968 posse,
1188 2889 1274 2951 dixit:
1296 2890 1361 2950 Des

189 3000 281 3072 primo
298 3006 421 3071 quatuor
435 3001 533 3060 millia.
571 3002 610 3059 Et
625 2993 811 3074 posteaquam
829 2999 896 3059 hinc
910 3004 996 3072 atque
1016 2998 1084 3056 hinc
1098 3012 1243 3057 sermones
1258 3001 1361 3055 contu·
1444 3017 1449 3022 ·

190 3103 331 3176 issemus,
347 3104 464 3164 tandem
479 3107 579 3180 inquit,
596 3105 631 3164 de
646 3105 775 3190 terminis
791 3107 815 3164 si
832 3104 983 3179 quidboni
998 3121 1084 3178 agere
1099 3077 1223 3178 possum,
1240 3116 1359 3174 operam

190 3225 282 3268 meam
296 3210 349 3269 tibi
364 3211 515 3288 pollicitor.
552 3213 591 3270 Et
605 3212 667 3270 hacc
682 3213 742 3284 ejus
757 3209 862 3269 fabulas
877 3209 1059 3282 catastrophe
1075 3212 1146 3282 crat,
1162 3208 1230 3266 licet
1243 3221 1290 3264 res
1305 3207 1360 3263 mi·

136 3313 140 3322 '
190 3314 264 3375 nima
279 3313 410 3394 fabulosa
425 3317 470 3375 sit.
495 3301 638 3391 Episcopo
654 3317 742 3390 igitur
750 3316 857 3390 gratias
867 3317 913 3388 cgi
928 3331 973 3373 mc
988 3315 1044 3389 ipsi
1057 3315 1096 3374 ad
1106 3311 1204 3373 officia
1224 3311 1358 3370 offerens.

277 3422 421 3482 Reversus
437 3422 474 3482 ad
489 3421 643 3496 hospitium
668 3422 777 3479 comitis
800 3419 954 3494 wilhelmi,
975 3422 1144 3478 narraturus
1160 3434 1224 3490 quas
1246 3417 1359 3476 evenis-

190 3532 262 3600 sent,
279 3528 422 3603 contendi,
438 3543 536 3588 verum
551 3528 575 3586 is
591 3526 674 3587 domo
689 3527 798 3587 aberat.
823 3524 941 3585 Glasero
956 3529 1060 3598 autem,
1074 3525 1122 3596 qui
1137 3521 1198 3582 fere
1212 3525 1246 3594 in,
1257 3518 1359 3580 eadem

190 3633 286 3702 platea
300 3631 487 3706 mansitabat,
512 3632 700 3706 injunximus,
722 3637 754 3689 ut
773 3631 810 3691 ad
833 3631 974 3690 seniorem
991 3629 1027 3690 de
1041 3629 1231 3703 Henncbcrg,
1255 3641 1311 3701 quo
1324 3625 1359 3684 in

190 3738 267 3792 statu
282 3751 330 3793 ros
345 3741 453 3794 nostrae
469 3743 573 3810 essent,
589 3738 790 3810 perscriberet.

280 3836 418 3896 Comitem
433 3839 617 3899 Wilhclmum
636 3842 713 3914 apud
736 3840 933 3901 Coloniensem
954 3841 1115 3916 reperiens,
1139 3837 1205 3897 huic
1219 3853 1281 3896 reru
1295 3851 1359 3894 om·

191 3957 256 4002 nem
271 3944 458 4016 narravimus,
474 3949 609 4017 rogantes
625 3950 657 4003 ut
671 3946 785 4006 audiret
799 3965 817 4006 a
832 3947 1010 4021 coloniense,
1032 3961 1099 4003 num
1114 3959 1166 4017 pro
1182 3940 1265 4001 nobis
1279 3941 1360 4015 apud

190 4050 407 4110 Atrebatensem
422 4050 602 4109 intercedere
617 4051 703 4109 vellet
717 4067 770 4110 nec
784 4067 830 4109 ne.
852 4050 939 4122 Quod
954 4054 987 4108 ut
1001 4065 1094 4108 comes
1108 4048 1230 4121 iecisset,
1246 4048 1359 4121 cpisco-

190 4171 244 4227 pus
259 4155 416 4230 respondit,
432 4155 508 4214 inter
523 4153 584 4212 dies
599 4169 700 4219 novem
717 4158 767 4211 aut
783 4140 880 4213 decem
895 4156 931 4214 dc
950 4156 995 4214 his
1009 4154 1080 4214 nihil
1095 4152 1158 4213 fieri
1173 4167 1267 4227 posse.

278 4260 382 4320 Pransi
391 4279 487 4321 sumus
500 4278 562 4318 curn
572 4261 714 4334 episcopo,
730 4259 779 4318 ubi
791 4260 913 4318 aderant
921 4276 1015 4319 comcs
1026 4257 1195 4319 Wilbelmus
1204 4271 1222 4318 a
1231 4256 1360 4326 Nasson,

191 4363 358 4424 ll'ilhclmus
374 4383 391 4426 a
406 4367 606 4440 Witgenstein,
624 4365 691 4426 Otto
706 4381 725 4424 a
740 4364 922 4440 Schomberg,
947 4363 1046 4424 doctor
1056 4363 1197 4423 Hernicus
1211 4360 1289 4418 Hase
1301 4365 1360 4440 etc.
