2966 4900
675 349 741 418 243

119 537 274 610 conjugum
297 535 333 597 de
347 533 564 610 Schwartzburg
579 535 617 595 ad
639 536 718 608 cuius
733 534 942 610 frontispicium
957 538 1093 613 scriptum
1108 544 1164 600 est:
1188 541 1289 616 Sepul-

120 647 189 702 tura
203 641 338 701 comitum
353 645 383 700 et
397 640 575 700 dominorum
589 641 619 698 in
635 639 864 715 Schwartzburg.

210 745 431 819 christophorus
452 746 489 805 ab
504 745 688 819 Entzenberg
706 751 737 804 et
751 745 982 807 Schneidewindt
1002 749 1165 809 licentiatus
1180 751 1291 812 litteras

119 851 251 925 recipere
266 849 404 910 nolebant
424 867 459 910 eo
480 851 558 925 qnod
577 852 758 910 amanuensis
778 865 866 910 mann
884 853 982 926 lapsus
1006 854 1103 927 ahqna
1117 862 1247 916 eraserat
1260 857 1291 914 in

120 955 243 1015 eundem
257 955 351 1014 locum
366 957 492 1016 secundo
507 956 642 1030 scribens,
659 971 694 1014 ac
704 955 741 1015 de
751 957 805 1015 hac
819 972 852 1015 re
865 958 986 1016 multum
1001 959 1107 1032 dinque
1122 961 1291 1023 altercatum

119 1062 198 1120 inter
211 1076 265 1120 nos
279 1066 333 1134 est,
350 1065 380 1119 et
393 1061 554 1135 praesertim
569 1061 646 1134 qnod
660 1063 765 1121 litterae
776 1062 876 1136 sigillis
889 1067 918 1121 et
933 1081 1067 1124 mannum
1082 1065 1290 1140 subscriptione

120 1164 228 1225 domini
242 1163 360 1239 Georgii
373 1166 490 1225 Ernesti
505 1183 523 1225 a
537 1166 721 1241 Henneberg‚
738 1167 913 1241 sigismundi
928 1185 946 1228 a
960 1168 1101 1244 Holbach,
1116 1169 1256 1229 Friderioi
1272 1187 1290 1228 a

120 1270 331 1346 Wangenheim
352 1287 387 1330 ae
406 1271 498 1330 nostri
513 1277 542 1330 et
556 1271 658 1330 uxoris
673 1271 866 1332 corroboratae
882 1278 987 1331 essent.
1021 1274 1151 1334 Tandem
1166 1291 1288 1335 eonven-

120 1379 192 1447 tum,
207 1381 241 1436 nt
254 1375 298 1448 illi
311 1377 461 1449 pecuniam
476 1375 559 1434 nohis
574 1382 805 1449 annumerarent,
829 1393 882 1436 nos
904 1378 981 1436 intra
1002 1393 1115 1437 menses
1131 1379 1203 1440 dnos
1218 1380 1289 1438 alias

119 1481 233 1540 litteras
249 1480 426 1540 emendatius
442 1480 598 1553 descriptas
612 1479 800 1540 Arnstudinm
813 1481 959 1541 missuros.

212 1585 322 1645 Simoni
340 1587 442 1644 aerario
465 1587 495 1644 in
510 1583 696 1659 Rudelstudt,
721 1587 770 1660 qni
785 1586 891 1659 etipse
904 1601 967 1645 cnm
984 1587 1098 1647 domina
1112 1601 1198 1646 socru
1212 1585 1288 1644 Arn-

121 1689 208 1750 stadii
229 1695 304 1765 erat,
329 1691 406 1764 quod
428 1691 540 1750 litteras
564 1690 715 1750 nonnullas
738 1691 820 1750 nobis
842 1689 1051 1766 descripsisset,
1073 1691 1216 1751 tholorum
1239 1690 1288 1750 de·

122 1793 225 1854 dirnus.

212 1898 409 1973 sigismundus
423 1900 584 1961 Witaleben
601 1902 691 1975 gratis
707 1903 817 1976 omnia,
842 1918 907 1975 quse
928 1901 1006 1977 apud
1025 1901 1147 1962 eundem
1161 1903 1288 1976 insump-

123 2021 252 2065 seramus
268 2006 360 2080 dedit,
381 2012 525 2080 praeterea
539 2023 571 2065 se
586 2006 667 2066 nobis
682 2004 720 2066 ad
734 2004 829 2066 cilicia
844 2007 959 2081 obtulit,
981 2024 1058 2082 aegre
1073 2009 1233 2082 admittens,
1257 2012 1291 2066 nt

124 2126 160 2169 eo
177 2111 222 2170 die
236 2111 314 2170 illinc
329 2111 480 2170 abiremns.
503 2111 640 2171 Dedimus
655 2114 739 2172 uxori
754 2112 928 2185 Sigismundi
942 2129 1046 2172 aureos
1061 2114 1133 2173 duos
1148 2119 1177 2172 et
1191 2113 1288 2187 singu-

123 2215 160 2274 lis
174 2217 272 2290 pneris
286 2216 377 2290 ipsius
390 2215 530 2276 florenum
544 2233 673 2276 aureum.
696 2217 790 2276 Erant
805 2191 929 2290 quinque
945 2233 1073 2276 numero.

213 2320 316 2395 stoque
328 2323 458 2396 receptis
480 2323 678 2394 sesquinovem
699 2320 822 2381 millibus
837 2321 945 2392 aureis,
970 2337 1091 2393 quorum
1105 2320 1183 2379 mille
1197 2320 1290 2379 Annae

123 2423 227 2482 Mariae
247 2424 427 2486 debebantur
447 2430 477 2486 et
496 2427 602 2486 ibidem
622 2441 736 2499 quoque
750 2441 768 2484 a
783 2425 865 2485 nobis
885 2424 1042 2499 dabantur,
1064 2423 1121 2485 duo
1136 2425 1225 2484 millia
1241 2425 1290 2484 do·

123 2529 202 2588 mina
216 2545 314 2590 socrus
329 2533 455 2606 recepit,
478 2547 545 2590 nam
559 2530 621 2589 haee
635 2532 666 2589 in
681 2531 798 2603 negotio
819 2530 979 2602 citationis,
1003 2529 1198 2604 absolutionis,
1222 2545 1289 2604 pro·

124 2633 255 2694 iectionis
269 2635 445 2711 Augustanos
465 2640 495 2697 et
516 2637 613 2696 nescio
632 2636 662 2694 in
684 2651 756 2708 quas
771 2635 903 2695 Plutonis
922 2639 1030 2706 mystas
1054 2637 1183 2709 impensa
1197 2641 1289 2694 erant.

123 2740 197 2798 Item
218 2740 340 2801 dominre
360 2745 455 2802 socrui
474 2742 699 2816 quadringentos
718 2756 771 2815 pro
795 2721 910 2815 sumptu
930 2740 961 2798 in
982 2739 1067 2800 dietis
1081 2745 1112 2800 et
1126 2740 1189 2799 aliis
1204 2731 1295 2799 rebus

124 2845 262 2907 dedimus.
299 2848 341 2906 Et
353 2865 390 2908 ne
408 2847 461 2906 hos
476 2849 606 2922 recipere
627 2847 766 2906 abnueret
787 2845 861 2905 olam
876 2862 939 2904 eam
953 2847 1103 2920 pecuniam
1118 2845 1217 2904 subter
1231 2844 1292 2919 pal·

123 2951 194 3010 lium
209 2966 244 3011 ea
257 2953 347 3012 inscia
366 2956 397 3012 in
412 2951 542 3012 cubiculo
561 2952 650 3024 ipsius
669 2952 830 3026 posuimus,
853 2965 907 3010 nec
929 2951 1054 3031 arbitror
1074 2965 1137 3012 eam
1157 2951 1213 3010 nisi
1227 2956 1293 3024 post

124 3055 234 3115 abitum
249 3062 378 3118 nostrum
392 3059 549 3132 reperisse,
566 3061 652 3129 atque
667 3057 786 3130 singulis
802 3056 947 3132 dispositis
961 3057 1110 3130 matronis,
1127 3071 1191 3131 qnae
1206 3072 1291 3116 vene-

124 3166 192 3220 rant
205 3161 365 3222 Anastasia
380 3165 517 3236 invisere,
539 3161 735 3222 valediximus.
775 3162 832 3222 Sed
847 3169 908 3222 tum
921 3161 1100 3222 humanitate
1115 3169 1145 3222 et
1158 3161 1292 3236 precibus

126 3283 226 3325 earnm
240 3268 307 3327 rieti
320 3262 467 3342 paulisper
482 3267 521 3326 ad
534 3268 647 3341 repotia
665 3265 851 3326 consedimus.
875 3267 915 3326 Et
928 3284 987 3328 una
1001 3284 1037 3326 ex
1050 3268 1095 3326 his
1109 3266 1292 3336 mulierculis,

126 3385 190 3443 qnae
204 3371 348 3446 quondam
371 3373 409 3432 ab
431 3388 484 3432 avo
504 3373 601 3431 uxoris
620 3377 727 3432 nostrae
748 3371 959 3444 eWestphalia
978 3386 1013 3428 eo
1035 3371 1160 3429 adducta
1179 3374 1244 3427 erat
1263 3373 1294 3426 et

124 3477 168 3536 illi
182 3478 301 3536 servivit
319 3477 350 3536 in
371 3477 456 3537 rebus
476 3479 569 3535 ninus
591 3476 718 3534 honestis
732 3491 809 3532 nnnc
828 3474 1028 3558 addominum
1043 3489 1182 3531 conversa
1197 3472 1294 3544 agnita

126 3581 268 3654 evangelii
281 3583 402 3641 veritate
415 3581 550 3652 lacrymis
564 3579 691 3652 undique
707 3578 815 3637 obortis
830 3577 973 3637 Enhnlnm
993 3576 1098 3635 obnixe
1112 3576 1292 3651 hortabatur,

125 3691 159 3746 ut
173 3701 236 3745 oum
250 3701 340 3762 uxore
354 3688 385 3745 in
399 3683 577 3745 confessione
594 3681 701 3741 Christi
715 3686 845 3754 perstare
859 3682 952 3740 velim.

215 3789 380 3849 (lantherus
395 3805 490 3850 comes
504 3790 550 3849 vel
563 3789 608 3847 sui
623 3786 801 3861 Anastasia,
824 3802 860 3845 ne
875 3786 968 3846 dicam
983 3787 1083 3860 nostri,
1100 3787 1179 3847 velut
1193 3788 1294 3861 Mega-

126 3895 252 3954 sensium
268 3894 376 3954 naham
390 3896 531 3954 rationem
551 3894 730 3968 hahuerunt,
755 3909 807 3952 nec
827 3890 979 3952 sodalitate
999 3908 1053 3951 nec
1074 3891 1162 3953 affatu
1182 3891 1296 3964 quidem

127 3999 287 4074 dignantes.
310 4000 386 4060 Dum
400 4017 474 4061 uxor
488 4016 506 4061 a
521 4001 635 4060 domina
648 4004 740 4058 matre
755 3997 919 4058 divellmda
933 4003 1017 4070 esset,
1036 3999 1120 4069 juxta
1135 3996 1296 4054 Salomonis

127 4105 311 4179 sententiam,
338 4112 467 4166 extrema
485 4105 584 4180 gaudii
604 4104 698 4165 luctus
713 4110 849 4180 occupat,
873 4119 927 4164 nee
940 4117 995 4176 ego
1009 4100 1057 4160 hic
1071 4097 1224 4158 admodum
1238 4096 1296 4156 fer·

126 4223 204 4268 reus.
227 4211 284 4270 Vix
298 4211 375 4270 enim
390 4211 485 4270 socrui
499 4216 530 4269 et
543 4209 645 4269 ceteris
660 4226 720 4283 prae
734 4225 865 4284 maerore,
881 4215 914 4268 nt
928 4205 1057 4278 decebat,
1081 4204 1190 4278 gratim
1212 4219 1299 4279 agere

126 4301 268 4390 poteram
305 4316 346 4376 At
366 4315 482 4377 tandem
502 4316 637 4388 utrinqne
658 4331 711 4375 nos
733 4315 789 4376 deo
809 4315 1016 4374 committentes
1037 4325 1091 4384 ego
1110 4325 1175 4372 cum
1189 4307 1299 4370 familia

126 4435 192 4480 mea
204 4421 314 4495 primus
328 4421 411 4484 abeo.
434 4421 511 4482 Nam
525 4421 620 4481 sumti
633 4418 739 4480 ibidem
752 4418 848 4481 adhue
867 4417 988 4494 negocia
1007 4416 1104 4490 aliqua
1118 4421 1211 4493 erant,
1233 4429 1298 4490 qua

1012 4523 1052 4582 16
1068 4520 1085 4556 *
