2966 4900
18 2477 23 2484 .

28 2488 34 2539 i

15 2564 33 2590 ,Ι

660 387 727 454 209

411 585 507 630 nanos
531 569 577 629 vel
600 569 695 642 potius
717 569 795 643 quod
810 574 956 644 perpetuae
972 572 1157 644 praedaticnis
1172 572 1209 632 eb
1223 571 1276 632 Hi·

461 691 502 732 rre
517 674 668 748 volebant,
689 676 760 734 rotis
775 677 887 734 contusi
901 683 984 751 snat,
1001 693 1054 736 nec
1069 679 1220 752 quicquam
1232 679 1279 736 in-

499 778 539 838 'rx
562 780 720 854 reliquerat
743 786 850 855 praeter
864 778 1012 841 femoralia
1025 784 1074 842 vix
1088 781 1222 857 pudende
1237 788 1280 842 te-

550 887 644 944 ueniae
659 902 768 945 morem
783 891 813 945 et
827 885 945 959 pudoris
957 889 1034 962 jure.

588 1005 633 1064 ng
648 990 761 1050 obviem
776 990 858 1051 nobis
873 989 907 1050 fit
921 991 1012 1052 Wolff
1023 992 1193 1053 Brabender
1208 1009 1280 1052 nun·

625 1095 669 1154 bis
696 1097 808 1160 litteras
832 1095 964 1156 efferens.
1009 1097 1227 1172 Weissenburgi
1248 1099 1279 1158 in

669 1201 802 1261 listlebon
817 1202 986 1276 inscriptum
1000 1202 1130 1276 legimus,
1147 1207 1180 1260 ut
1195 1201 1277 1263 nobis

704 1308 764 1365 ‘imi
784 1307 863 1369 ducis
878 1307 999 1367 Jcennis
1013 1305 1163 1366 Friderici.

600 1518 672 1562 color
691 1512 714 1560 is
733 1509 782 1560 tibi
800 1509 915 1576 proderit
932 1510 1004 1573 olim,

508 1619 540 1648 ..n
561 1599 665 1650 Christo
684 1596 789 1648 vindice
807 1598 892 1648 victor
910 1598 971 1649 eris.

373 1745 416 1796 sl
436 1728 588 1797 cognotam
610 1727 740 1783 nostrum
755 1739 773 1781 a
787 1722 949 1797 Rethberg,
971 1721 1021 1796 qui
1042 1721 1073 1779 in
1088 1720 1167 1781 eliud
1180 1719 1277 1795 bospi-

277 1833 373 1902 eret,
398 1845 482 1888 caena
501 1830 673 1903 excepimus.
712 1827 857 1900 Hospiteti
877 1845 930 1888 nos
949 1843 1045 1887 sumus
1069 1825 1146 1901 opud
1160 1826 1280 1885 Petrum

166 1962 191 2001 s,
208 1933 258 2001 qui
274 1935 377 1993 temen
391 1950 456 1993 saro
472 1932 526 1992 sub
541 1939 653 1992 noctem
670 1931 783 1993 domum
803 1948 935 1993 reversus
951 1937 1003 1992 est.
1043 1931 1219 1993 conventum
1235 1934 1280 1990 est

107 2037 176 2091 mter
190 2051 236 2093 me
253 2041 285 2094 et
301 2044 467 2114 cognatum,
483 2043 516 2098 ιι
530 2055 589 2098 ιιι
603 2037 823 2112 Norimlrergem
837 2043 1010 2113 peteremus.

190 2139 404 2218 Weissenburg
425 2145 502 2204 inter
523 2144 638 2204 tertiam
660 2149 690 2204 ιι
711 2149 842 2219 quamam
868 2143 955 2204 hores
980 2143 1165 2203 antelucanos
1189 2155 1278 2214 equos

110 2245 337 2326 conscendimus,
367 2248 579 2324 Norinbergem
605 2265 675 2309 vero
702 2250 777 2308 circa
801 2250 923 2324 primum
950 2246 1175 2319 pomeridianam
1196 2247 1280 2318 parvi

16 2355 22 2379 ⁶
109 2343 244 2426 horologii
259 2357 455 2428 pervenimus.
487 2356 522 2414 In
536 2354 619 2414 domo
635 2353 766 2414 Gorbeus
781 2354 885 2427 parieti
908 2351 1063 2425 ascriptum
1083 2353 1160 2408 erat:
1183 2348 1279 2409 Otium

110 2451 239 2521 luininer
255 2459 404 2518 Sethenee.
555 2537 558 2540 Ι

194 2559 299 2624 Comes
320 2582 339 2624 a
358 2565 506 2640 Rethberg
526 2571 621 2625 eutem
643 2571 672 2624 et
693 2582 745 2639 ego
762 2564 855 2638 jejuni
879 2579 897 2622 e
917 2558 1124 2633 weissenburg
1146 2556 1277 2618 abiimus.

113 2658 179 2730 Quis
198 2667 290 2741 igitur
313 2669 504 2745 Norinbergae
523 2687 660 2746 pransum
682 2674 758 2744 erat,
789 2668 868 2728 horae
894 2667 977 2741 qnasi
1006 2665 1069 2726 duee
1094 2661 1284 2738 expectanda

17 2782 29 2860 j
113 2775 190 2829 erent
204 2779 361 2849 antequam
375 2777 495 2836 latranti
510 2775 655 2836 stomacho
670 2773 842 2833 mederetur.
865 2774 973 2832 Missus
988 2776 1084 2832 antem
1099 2770 1159 2828 sive
1174 2768 1278 2843 epulee,

16 2897 27 2923 ἰ
114 2886 179 2943 duos
192 2877 300 2954 hospes
314 2883 465 2955 apposuit,
486 2881 517 2939 hi
532 2886 628 2953 arant,
652 2895 726 2939 novo
749 2885 782 2940 ut
795 2879 878 2939 nobis
893 2878 1045 2938 videbatur
1063 2891 1157 2936 more:
1181 2875 1279 2934 Primo

21 3001 29 3038 ι
113 2984 203 3042 cancri
218 2990 294 3046 cocti
309 2987 455 3046 imitentes
470 2987 560 3061 magis
575 2985 670 3045 temen
685 3002 769 3058 quem
784 2983 927 3046 sedantes.
951 2983 1064 3043 Deinde
1075 2981 1148 3058 pulli
1156 2981 1277 3056 gallina-

23 3080 29 3173 J
115 3084 153 3140 cei
175 3087 212 3148 ed
230 3092 328 3168 ignem
347 3092 416 3151 tosti
436 3097 466 3151 et
489 3091 651 3150 semicrudi.
689 3090 838 3150 Postremo
854 3105 970 3165 caseus,
994 3105 1094 3148 corase
1114 3093 1144 3148 et
1166 3088 1278 3162 siliqua

15 3196 27 3235 'l
114 3187 236 3257 pisorum
257 3213 322 3255 cum
342 3197 438 3256 herbis
459 3201 488 3256 et
507 3197 643 3255 stramine
664 3199 697 3255 ut
719 3211 734 3254 e
754 3202 833 3256 terra
851 3201 941 3255 erutae
965 3199 1062 3270 erent,
1085 3198 1115 3254 ιι
1132 3191 1163 3252 id
1184 3195 1278 3270 ipsum

17 3289 22 3316 '³
116 3287 325 3376 Noninbergicis
340 3303 458 3362 solenne
473 3301 592 3361 bellaria
606 3301 648 3360 ite
663 3317 809 3375 apponere
824 3305 878 3361 etc.

197 3403 329 3467 Eubulus
349 3412 445 3468 entem
464 3424 530 3467 mox
553 3423 685 3467 emensa
703 3422 877 3479 consurgens
893 3406 1019 3464 animum
1034 3418 1146 3477 quoque
1160 3415 1279 3473 pascere

117 3506 225 3576 cllliens‘
241 3517 386 3584 assumpto
401 3508 558 3571 Etzdonffio
574 3510 651 3571 aedes
666 3511 726 3570 Viti
740 3510 831 3584 petiit.-
857 3509 912 3579 Qui
925 3512 958 3565 ιι
973 3507 1095 3580 primurn
1110 3519 1162 3563 nos
1178 3502 1279 3562 edesse

117 3609 228 3690 ardut,
241 3617 324 3690 iubet
344 3633 463 3677 uxorem
486 3621 518 3676 ut
540 3633 592 3676 nos
608 3615 645 3675 ed
660 3616 753 3688 ipsum
766 3613 844 3671 intra
859 3610 1018 3669 cubiculum
1034 3608 1161 3669 duceret.
1200 3606 1280 3681 Opti-

118 3725 188 3776 mum
202 3727 297 3780 eutem
312 3721 406 3781 virum
421 3722 494 3782 lecto
510 3723 659 3782 cubantem
674 3734 726 3778 nee
740 3732 856 3777 menum
870 3731 924 3775 nec
938 3714 1040 3792 pedem
1054 3731 1169 3776 movere
1182 3716 1280 3775 velen·

117 3817 169 3878 itm
183 3840 218 3884 ee
232 3824 417 3886 sufferentem
432 3829 574 3886 eruciatus
593 3825 655 3884 fere
670 3824 794 3885 omnium
809 3819 973 3880 morborum
987 3821 1092 3898 reperi.
1130 3821 1203 3882 Post
1216 3838 1278 3879 mu-

118 3925 176 3984 tues
189 3931 378 3992 salutationes
393 3933 429 3991 de
444 3932 531 3991 veriis
551 3913 726 3990 confabulati
749 3923 854 3986 sumus.
892 3927 1095 4002 Interrogavit,
1111 3941 1234 4001 quonam
1248 3925 1279 3981 in

118 4031 187 4092 Statu
201 4052 250 4095 res
264 4040 371 4095 nostre
387 4036 523 4111 Augustae
538 4036 671 4111 tuissent,
694 4033 730 4092 de
751 4034 854 4107 quibus
868 4032 1011 4092 hominem
1027 4031 1068 4092 nil
1082 4030 1185 4100 celeri,
1209 4027 1279 4098 quin

120 4139 145 4192 et
157 4125 273 4216 insuper
286 4141 382 4216 retuli,
399 4158 463 4215 quae
479 4141 611 4214 werde,
634 4141 700 4201 dum
715 4140 773 4198 illic
787 4138 907 4215 fuimus,
931 4145 995 4199 ecte
1010 4139 1067 4196 sint
1082 4133 1161 4194 etde
1177 4128 1280 4205 quibus

120 4252 175 4300 ium
189 4247 321 4306 Mertino
334 4245 448 4306 (lesere
463 4245 689 4306 contulissemus.
727 4249 800 4306 Item
821 4245 865 4304 illi
886 4244 1016 4315 diximus,
1032 4239 1136 4300 famem
1151 4251 1281 4311 sparsam

120 4359 183 4425 esse,
191 4352 316 4412 Noricos
327 4353 443 4411 interim
458 4351 531 4410 illud
544 4352 709 4411 interimens
720 4348 896 4425 approbasse
911 4336 945 4407 ec
959 4345 1126 4419 suscepisse.
1149 4343 1280 4419 Respon-

120 4450 157 4514 dit
168 4457 308 4532 ingenae:
333 4458 440 4518 Verum
455 4461 508 4532 est,
524 4456 672 4530 suspirans
688 4471 722 4518 ae
737 4455 818 4532 quasi
832 4449 1073 4528 lacrymabundus
1088 4453 1119 4509 et
1131 4448 1215 4509 simul
1229 4447 1279 4522 eit,

131 4555 137 4569 ⁵
156 4582 273 4628 waldach.
577 4613 584 4631 .
1026 4557 1068 4620 14
