2940 4900
767 311 831 378 leo

212 497 298 566 utque
313 507 349 552 ea
363 507 427 566 quae
446 495 606 553 statuerent
627 495 682 568 ipsi
702 495 783 569 prius
804 495 958 558 observent
977 475 1113 571 acjuxta
1134 490 1316 552 Claudianum
1331 489 1366 549 di·

211 605 293 657 scant
306 599 367 673 pati
388 615 473 673 quam
493 599 613 659 tulerint
631 599 731 673 legem.
770 602 810 660 At
828 602 894 662 vide
913 603 1055 677 quomodo
1076 600 1212 660 cbristus
1231 596 1369 658 obediverit

211 704 298 776 patri.
328 703 434 764 Factus
450 709 494 764 est
509 706 584 763 enim
599 703 736 764 obediens
751 722 841 780 usque
861 706 900 766 ad
919 711 1049 782 mortem,
1072 712 1198 766 mortem
1213 707 1305 763 autem
1317 717 1370 758 cru·

211 811 261 868 cis.
291 809 381 883 quue
402 807 509 868 factum
530 825 593 868 esse
613 809 651 868 ob
671 825 734 868 eam
754 827 839 884 quam
859 827 930 886 erga
951 817 1062 886 patrem
1082 818 1113 872 et
1133 827 1189 871 nos
1211 807 1371 868 dilectionem

211 913 320 975 hebuit.
342 915 449 972 Verum
465 916 620 988 praeceptio
636 920 665 974 et
680 916 811 975 executio
826 916 1026 978 mandatorum
1040 935 1098 978 non
1114 922 1162 976 est
1176 929 1266 974 causa
1280 909 1372 978 eduis,

211 1019 263 1078 sed
276 1020 373 1093 potius
388 1019 519 1078 custodis
533 1020 665 1091 quaedam
680 1019 838 1094 charitatis,
862 1024 931 1096 quia
949 1022 1029 1084 Deus
1048 1039 1101 1082 nos
1122 1018 1234 1080 iniilio
1254 1031 1303 1078 seo
1317 1015 1374 1074 Jcsu
1452 1067 1453 1072 ,

212 1129 241 1182 et
255 1129 408 1196 antequam
423 1137 607 1183 nasceremur
621 1125 739 1185 dilexit.
766 1126 849 1199 Quod
869 1133 964 1188 autem
983 1128 1115 1188 domiuus
1131 1124 1257 1202 jasserit
1276 1135 1375 1180 manere
1452 1189 1453 1192 Ἴ

210 1229 242 1286 in
257 1228 409 1287 dilectione
423 1244 485 1301 sua,
508 1245 566 1288 uon
580 1236 688 1304 praeter
706 1247 767 1290 rem
787 1232 903 1306 dictum,
928 1234 996 1307 quia
1015 1231 1146 1292 videmus
1168 1245 1257 1304 quam
1277 1222 1376 1284 difficile

211 1334 258 1406 sit,
283 1335 307 1392 si
321 1335 351 1392 in
369 1335 424 1393 boc
443 1334 548 1394 mundo
569 1337 599 1393 in
617 1337 737 1410 adcujus
759 1338 912 1396 amicitiam
931 1337 1013 1397 asciti
1036 1335 1133 1409 simus,
1161 1351 1229 1396 eam
1251 1333 1377 1404 integram

211 1455 329 1498 servare
342 1444 372 1498 et
387 1455 422 1498 ne
443 1439 605 1499 excidamus
626 1457 736 1518 cavere,
759 1443 818 1502 tale
838 1442 983 1501 adducens
999 1441 1175 1516 exemplum.
1208 1440 1265 1510 En,
1289 1434 1376 1507 inquit,
1453 1503 1454 1512 ,

211 1545 236 1602 si
251 1545 314 1616 quis
328 1543 534 1617 paterfamilias
549 1562 670 1620 puerum
684 1547 715 1604 in
728 1546 835 1620 plateis
848 1551 1001 1618 errantem,
1025 1545 1129 1604 laceris
1152 1543 1293 1613 vestibus,
1315 1537 1378 1596 fane

211 1655 394 1722 maceratum,
417 1647 513 1708 scabie
533 1666 646 1724 quoque
664 1648 763 1711 forsan
782 1653 970 1726 laborantem,
993 1651 1044 1724 qui
1063 1651 1172 1710 nullius
1194 1647 1275 1722 frugi
1294 1643 1377 1705 uuict-
1444 1652 1448 1705 ἱ

211 1759 273 1827 tur,
297 1758 464 1828 conspectus
485 1753 574 1814 fuerit
596 1761 626 1815 et
646 1756 724 1816 hunc
744 1759 775 1816 in
799 1757 912 1818 domum
935 1773 1016 1816 suam
1039 1754 1189 1816 adducens
1213 1768 1310 1814 secum
1336 1745 1379 1804 filii

210 1860 273 1918 loco
288 1859 388 1920 sedulo
403 1860 524 1919 enutriri
544 1861 662 1933 curarit,
686 1862 769 1921 unice
787 1862 865 1922 hunc
882 1867 960 1922 amet
979 1861 1058 1922 Talis
1078 1878 1161 1936 puer,
1188 1867 1377 1933 quanquama

211 1962 415 2039 patrefamilias
430 1963 579 2048 diligatur,
604 1967 740 2040 numquid
758 1973 854 2027 tamen
874 1968 956 2028 dabit
970 1983 1099 2042 operam,
1122 1971 1155 2025 ut
1176 1967 1209 2024 in
1225 1981 1262 2023 ea
1276 1976 1331 2035 qua
1342 1956 1377 2014 di·

210 2070 309 2143 ligitur
324 2068 474 2129 dilectione
491 2077 667 2143 permaneat,
691 2050 730 2130 an
748 2089 779 2132 se
797 2074 953 2146 lurconcm,
977 2072 1152 2131 ardelionem
1172 2068 1376 2139 immorigcrum

211 2173 360 2248 praebebit,
385 2191 442 2248 quo
456 2174 481 2233 is
496 2177 545 2248 qui
560 2192 624 2234 eum
638 2177 668 2235 in
683 2173 773 2236 filium
787 2177 969 2252 adoptaverit
983 2177 1044 2250 eius
1065 2175 1152 2236 taedio
1174 2173 1319 2234 afficietur
1331 2171 1376 2226 etc.

211 2279 309 2353 Pater,
332 2279 434 2353 inquit,
458 2286 557 2341 tenere
571 2285 648 2341 amat
661 2283 768 2343 liberos
783 2289 812 2344 et
825 2284 902 2343 unde
922 2281 997 2343 hocf
1028 2281 1133 2340 Nonne
1153 2297 1192 2340 ex
1213 2271 1336 2339 natura?
1352 2274 1376 2328 ei

210 2389 306 2444 mmen
320 2382 396 2444 filius
410 2386 440 2445 in
455 2392 566 2459 patrem
581 2390 784 2461 contumacior,
808 2404 905 2448 omnes
920 2385 1071 2448 facultates
1086 2385 1254 2459 dilapidans
1275 2381 1312 2442 ed
1324 2379 1377 2436 haet

210 2491 317 2551 nullam
331 2491 555 2552 admonitionem
568 2493 710 2553 admittat.
741 2493 887 2567 Numquid
902 2494 1011 2567 storgia
1030 2491 1081 2551 illa
1101 2495 1227 2566 paterna
1242 2494 1374 2557 retrogre

212 2596 289 2656 ditur
304 2602 334 2656 et
347 2602 432 2671 pater
445 2597 554 2656 vultum
572 2602 686 2658 avertat
705 2615 758 2658 nec
777 2616 840 2658 eam
861 2615 919 2673 qua
936 2599 1017 2674 prius
1037 2599 1102 2656 eum
1116 2598 1285 2669 complexus
1299 2589 1374 2650 dilac-

210 2704 317 2762 tionem
332 2719 401 2774 erga
415 2703 508 2775 ipsum
523 2705 658 2764 servabit.
690 2705 737 2764 Sic
751 2709 781 2762 ct
795 2703 877 2763 nobis
896 2701 1015 2776 accidet,
1039 2704 1064 2761 si
1084 2719 1142 2762 nou
1163 2719 1220 2775 pro
1240 2695 1374 2776 praeeepw

211 2807 316 2866 Christi
331 2809 361 2865 in
376 2807 527 2868 dilectione
541 2810 603 2882 ejus
618 2809 868 2884 permanserimus.
900 2806 957 2868 Sed
972 2807 1049 2866 dices
1064 2805 1153 2866 forto:
1175 2805 1308 2866 Christus
1322 2799 1376 2858 etti

210 2911 290 2970 Deus
305 2916 335 2970 et
349 2913 434 2972 homo
450 2918 513 2971 erat
532 2911 676 2986 perfectus
695 2915 725 2972 in
747 2913 876 2973 omuibus
897 2914 959 2972 sine
982 2914 1059 2972 omni
1079 2916 1197 2986 peccato
1218 2920 1273 2973 etc.
1310 2901 1375 2966 Huic
1454 2953 1455 2956 η

210 3012 294 3074 facile
309 3021 373 3074 erat
386 3017 476 3088 patris
490 3017 641 3089 praeceptis
659 3033 711 3090 per
730 3019 825 3079 omnia
842 3019 990 3078 inseruire.
1028 3018 1093 3092 Ego
1112 3024 1210 3077 autem
1228 3019 1318 3076 miser
1330 3009 1375 3067 hit

211 3120 323 3180 mancio
338 3125 472 3192 peccator
486 3137 548 3179 sum
563 3120 690 3194 undique
706 3123 781 3182 vitiis
800 3130 923 3196 scatens,
948 3123 997 3197 qui
1015 3121 1149 3196 impleam
1168 3123 1291 3194 ipsemet
1308 3127 1374 3192 prae·
1452 3141 1453 3150 ¹

210 3231 324 3300 ceptum
346 3223 472 3283 Christi?
508 3226 613 3299 Exigui
635 3229 731 3300 operis
753 3229 817 3300 erit,
841 3229 866 3286 si
886 3233 965 3288 recta
983 3229 1115 3288 uoluntas
1135 3221 1165 3286 et
1186 3227 1282 3286 cordis
1301 3219 1375 3282 sede

210 3331 277 3388 litas
292 3330 377 3404 adsit,
400 3319 454 3390 hoc
469 3338 521 3406 est,
545 3337 578 3392 ut
592 3345 628 3390 ex
643 3332 728 3392 corde
747 3340 866 3408 puroet
885 3347 1004 3407 syncero
1020 3333 1126 3392 Christi
1146 3340 1294 3407 praecepta
1306 3340 1373 3404 prae·

210 3441 287 3498 stare
301 3439 400 3514 cupias
415 3441 444 3498 et
465 3437 593 3512 quotidie
611 3443 640 3496 te
660 3437 689 3496 in
708 3439 744 3496 iis
765 3453 908 3498 exerceas.
947 3438 1021 3510 Quid
1042 3439 1118 3498 enim
1138 3439 1193 3499 sibi
1210 3439 1282 3512 vult,
1307 3426 1373 3512 quod
1453 3501 1455 3514 .

211 3542 306 3604 David
326 3543 388 3605 ait?
411 3545 506 3606 omnia
527 3549 636 3605 statuta
655 3549 706 3604 tua
728 3545 854 3616 servavi,
879 3545 984 3618 quippe
1005 3545 1053 3617 qui
1073 3543 1247 3602 adulterium
1267 3533 1373 3602 commi·
1454 3519 1455 3538 ¹

210 3650 294 3720 serit,
318 3648 418 3708 Uriam
438 3666 552 3710 seruum
571 3665 653 3708 suum
674 3648 868 3710 fidelissimum
887 3646 1009 3707 interfici
1025 3649 1145 3721 jusserit
1163 3653 1233 3720 etc,
1257 3649 1309 3708 sed
1327 3641 1373 3702 uti·

212 3766 268 3821 que
283 3754 416 3812 servavit.
447 3754 521 3812 Nam
541 3757 596 3814 etsi
614 3756 710 3829 lapsus
730 3761 802 3828 erat,
825 3759 921 3814 tamen
941 3753 1054 3814 avidam
1073 3753 1249 3813 voluntatem
1267 3764 1374 3814 servan·

211 3853 313 3913 dorum
328 3856 528 3916 mandatorum
543 3858 650 3918 domini
664 3863 793 3921 retinuit.
826 3860 873 3920 Sic
888 3864 918 3918 et
930 3875 993 3932 nos,
1017 3860 1042 3918 si
1058 3875 1094 3918 ex
1107 3875 1182 3933 puro
1202 3859 1289 3920 corde
1303 3867 1373 3916 man·

213 3958 281 4020 data
295 3959 351 4018 Dei
369 3976 486 4020 seruare
506 3962 669 4022 studeamus
690 3971 720 4025 et
740 3969 782 4026 sic
802 3968 832 4026 in
852 3965 1003 4025 dilectione
1022 3965 1270 4038 permanserimus.
1308 3963 1372 4022 Pro·

211 4061 286 4125 fecto
301 4065 413 4125 etiamsi
426 4066 531 4126 alicubi
544 4067 674 4127 labamur
689 4073 719 4130 et
732 4078 833 4145 postea
849 4070 887 4130 ad
902 4085 952 4128 cor
965 4073 1144 4130 revertentes
1159 4086 1216 4129 non
1229 4071 1373 4129 innitentes

211 4171 316 4229 nostris
330 4173 474 4246 operibus,
497 4172 582 4231 Deus'
592 4174 674 4234 nobis
688 4181 820 4252 respectu
834 4174 887 4234 filii
901 4176 946 4233 sui
966 4175 1062 4234 omnia
1079 4175 1263 4235 condonabit.
1293 4168 1374 4232 Novit

211 4275 287 4332 enim
302 4276 432 4336 dominus
447 4277 530 4337 nobis
545 4281 669 4354 compati
683 4299 740 4340 non
760 4299 843 4341 secus
863 4297 897 4341 ac
916 4281 940 4339 si
961 4281 1024 4354 quis
1043 4278 1249 4353 paterfamilias
1269 4287 1372 4340 serrum

212 4378 384 4448 habeatsibi
398 4385 570 4456 morigerum
590 4400 648 4446 non
669 4388 706 4448 ad
726 4389 838 4448 oculum
858 4387 1029 4447 servientem
1050 4388 1080 4441 et
1097 4390 1179 4445 recta
1199 4401 1270 4458 erga
1288 4388 1372 4462 ipsum
