3028 4894
750 302 793 371 5³

184 486 273 563 missi,
298 501 362 548 cum
375 487 439 561 ipro
455 487 657 562 comitaturi,
681 487 806 563 adimus,
830 487 908 564 apud
923 505 1008 565 quem
1021 491 1170 554 hincinde
1185 492 1362 570 deputatum

184 599 241 669 est,
263 592 316 653 sed
329 589 462 666 frugiferi
481 609 582 666 parum
602 593 668 653 inde
689 592 840 654 emanavit.
878 595 977 654 Visum
997 603 1042 657 est
1063 597 1145 660 uobis
1165 598 1202 658 ob
1223 598 1363 673 quosdam

182 713 330 758 sermones
350 712 501 756 nouercam
521 699 615 757 nostri
635 700 781 772 egregiam
800 700 973 760 mentionem
989 701 1026 778 (si
1041 703 1082 762 dii
1097 701 1207 778 uolunt)
1224 703 1302 779 apud
1316 719 1362 764 co·

183 805 281 864 mitem
296 803 481 863 Wilbelmum
495 801 607 862 fecisse.

273 907 414 969 Conditor
429 923 522 968 nouus
540 908 677 968 articulus
697 910 774 969 inter
790 907 988 970 coloniensem
1003 917 1033 972 et
1047 927 1108 972 nos.
1149 915 1180 974 Si
1194 914 1360 989 recipiatur,

183 1019 213 1074 et
227 1013 317 1074 alium
331 1013 377 1071 hio
392 1019 596 1087 procreaturus
614 1018 666 1072 est.

271 1117 344 1176 Haec
362 1118 426 1191 ipsa
446 1117 508 1176 dies
527 1119 665 1177 terminus
684 1124 749 1179 erat
773 1125 887 1179 centum
907 1127 937 1180 et
955 1121 1166 1196 sesquicentum
1185 1122 1360 1184 florenorum

181 1237 315 1285 nouercae
337 1223 368 1282 in
388 1222 544 1283 vitalicium
566 1223 776 1284 solvendorum.
820 1225 964 1286 Martinus
986 1225 1114 1286 Bucerus
1137 1235 1237 1288 contra
1258 1228 1358 1289 Vinto·

182 1329 321 1388 niensem.

272 1433 319 1493 Ab
333 1433 495 1493 homiuibus
508 1433 594 1506 budius
610 1433 698 1492 seculi
717 1432 901 1494 condemnari
916 1440 946 1493 et
959 1436 1058 1495 baberi
1072 1436 1197 1497 ludibrio
1211 1440 1359 1512 proprium

183 1544 229 1598 est
244 1554 352 1612 eorum,
370 1555 442 1612 quos
454 1535 594 1612 iustificat
611 1543 641 1597 et
656 1537 799 1613 glorificat
814 1540 893 1599 deus.

273 1642 384 1702 Eadem
400 1643 467 1703 dum
482 1642 604 1702 Caesaris
624 1642 735 1718 aliquot
753 1661 888 1720 proceres
908 1645 994 1704 aulici
1009 1646 1068 1721 pila
1082 1647 1185 1706 ludunt
1200 1649 1230 1707 iu
1244 1650 1358 1710 theatro

181 1751 417 1824 augustanorum
433 1749 535 1808 ciuium
550 1750 682 1823 expensis
697 1756 727 1809 et
741 1757 856 1825 sumptu
870 1752 901 1810 in
916 1752 970 1810 hoc
985 1757 1162 1826 constructo,
1184 1750 1279 1813 subito
1294 1769 1355 1813 mu·

181 1873 233 1915 rus
249 1855 354 1914 cadens
370 1853 512 1928 subsidet,
532 1855 616 1913 ruina
630 1870 683 1912 sua
697 1854 819 1914 latomos
833 1856 904 1915 duos
921 1862 950 1915 et
964 1874 1022 1916 non
1037 1872 1144 1930 paucos
1160 1871 1196 1916 ex
1210 1858 1273 1918 aliis
1288 1857 1354 1920 bra·

183 1961 255 2020 chiis
276 1964 306 2019 et
320 1960 450 2019 cruribus
469 1959 591 2034 laedens,
613 1961 679 2020 iicet
698 1962 817 2020 uetitum
837 1963 874 2022 sit
893 1978 929 2020 ne
951 1961 1122 2038 proderetur
1141 1979 1228 2021 unum
1250 1969 1300 2023 aut
1314 1966 1355 2024 al-

183 2071 279 2126 terum
295 2081 331 2124 ex
345 2065 400 2124 hoc
414 2079 483 2124 casu
497 2071 619 2124 mortem
634 2067 798 2141 oppetiisse.

274 2171 364 2246 Iberi,
389 2171 438 2243 qui
458 2170 490 2228 in
512 2169 618 2230 ducatu
637 2171 886 2248 Wirtenbergensi
911 2171 1042 2245 hyberna
1064 2179 1198 2247 egerunt,
1222 2172 1358 2249 Hispanis

181 2279 242 2336 suis
259 2276 397 2351 Augusta
417 2277 596 2350 torpentibus
612 2278 740 2350 quotidie
754 2279 885 2353 plaustra
897 2277 1006 2350 aliquot
1018 2275 1119 2337 ferina
1134 2279 1260 2338 mittunt.
1283 2279 1358 2340 Nar-

183 2387 280 2442 ratum
296 2398 409 2456 quoquo
425 2381 508 2441 nobis
524 2387 581 2454 est,
605 2383 758 2442 coriarium
772 2399 860 2443 uuum
874 2383 921 2441 bic
935 2381 1073 2456 Augustae
1088 2380 1266 2459 habitantem
1285 2401 1357 2444 non·

181 2492 286 2560 gentas
306 2502 456 2546 ceruorum
475 2486 565 2561 pelles
588 2503 624 2546 ex
642 2491 749 2546 venatu
763 2487 957 2560 Hispanorum
976 2487 1030 2546 sibi
1050 2486 1105 2544 hac
1125 2479 1234 2546 aestato'
1245 2503 1358 2565 compa·

181 2607 273 2651 rasse.
313 2591 360 2650 Sic
373 2592 471 2651 misen
486 2589 622 2651 Germani
637 2607 740 2665 magno
757 2592 947 2664 agricolarum
964 2589 1114 2664 dispendio
1130 2595 1160 2648 et
1173 2591 1300 2663 ipsorum
1313 2594 1357 2652 lu·

182 2695 275 2756 dibrio
297 2695 446 2756 iberorum
469 2702 499 2756 et
517 2698 662 2770 regiorum
683 2695 864 2755 adulatorum
889 2696 966 2768 genti
986 2710 1053 2753 suas
1074 2695 1240 2755 venationes
1262 2713 1356 2758 reser-

183 2805 298 2860 varunt.
758 2815 761 2824 ¹

271 2904 395 2968 Domine
409 2905 490 2966 Deus
510 2913 541 2966 et
554 2912 638 2981 pater
657 2906 798 2979 coelestis,
820 2910 853 2965 tu
871 2906 934 2980 ipse
949 2921 993 2979 es,
1014 2906 1064 2978 qui
1083 2910 1113 2964 et
1131 2921 1251 2979 quorum
1266 2908 1356 2968 tuuis

180 3011 328 3070 misereris
343 3018 486 3072 eteorum
501 3014 646 3072 orationes
662 3009 789 3070 exaudis.
812 3009 971 3084 Propterea
979 3009 1018 3068 ad
1026 3016 1056 3070 te
1065 3011 1157 3070 omnis
1172 3027 1239 3073 caro
1251 3014 1354 3075 veniet.

182 3115 297 3176 Exaudi
317 3132 383 3191 nos,
404 3133 580 3191 quaesumus,
602 3133 654 3191 pen·
673 3114 871 3175 admirabilem
885 3116 1026 3190 justitiam
1043 3120 1132 3174 tuam.
1171 3117 1216 3175 Tu
1232 3118 1308 3176 enim
1324 3132 1355 3177 aa

182 3220 263 3281 Deus
277 3221 412 3282 salutaris
427 3225 525 3281 noster
541 3227 643 3294 etspes
656 3222 780 3280 omnium
794 3219 894 3282 finium
908 3226 994 3280 torrae
1010 3235 1044 3280 ac
1058 3236 1076 3279 a
1090 3222 1164 3280 mari
1178 3221 1272 3297 louge,
1288 3238 1355 3296 pro·

182 3327 271 3402 pitius
290 3331 353 3385 esto
368 3325 529 3386 Germaniae
549 3332 606 3385 tuae
627 3328 781 3412 innumeris
800 3327 892 3387 modis
912 3324 1113 3385 afflictissimae.
1152 3325 1217 3385 Tibi
1240 3326 1356 3386 domiuo

182 3429 319 3506 fatemur,
336 3432 528 3506 peccavimus,
549 3437 762 3491 contemnentes
776 3436 857 3491 tuum
870 3431 990 3491 verbum
1005 3434 1035 3488 et
1047 3430 1155 3502 ingrati
1169 3440 1240 3501 erga
1254 3430 1353 3504 benig-

183 3536 302 3596 nitatem
316 3541 397 3595 tuam
411 3534 524 3596 luimus.
547 3536 707 3610 Propterea
721 3536 804 3595 nobis
818 3536 880 3594 haec
894 3535 970 3592 mala
985 3532 1080 3592 omnia
1094 3532 1273 3606 contingunt.
1297 3531 1356 3593 Sed

184 3656 268 3716 nuuc,
294 3627 417 3716 domiuo,
432 3639 599 3701 recordatus
613 3638 665 3700 filii
679 3639 870 3716 pacificatoris
886 3643 916 3697 et
927 3635 1130 3696 miseuoordiae
1145 3642 1203 3696 tuae
1218 3637 1354 3714 antiqua,

104 3729 110 3738 ⁸
184 3753 216 3806 tu
231 3761 284 3806 nos
298 3746 424 3820 corripe,
448 3746 499 3806 sed
514 3748 617 3806 nonin
631 3745 729 3804 lurore
744 3746 796 3803 irae
811 3749 882 3818 tuae,
906 3759 941 3802 ac
960 3741 1052 3802 libera
1071 3759 1124 3802 uos
1144 3742 1181 3802 de
1201 3747 1286 3817 gente
1300 3741 1356 3804 bac

184 3866 242 3912 non
258 3851 371 3910 sancta!
409 3851 449 3910 Et
463 3853 531 3924 quia
545 3852 667 3924 populus
682 3856 748 3910 tuus
764 3865 862 3908 sumus
877 3863 1000 3922 ovesque
1015 3863 1129 3923 pascuae
1145 3853 1221 3921 tura·
1234 3850 1265 3908 in
1280 3851 1356 3911 uiam

184 3961 263 4016 mam
274 3971 327 4016 nos
339 3955 440 4015 reduc!
456 3956 625 4030 Quanquam
634 3957 717 4031 enim,
735 3955 938 4029 opacorjuste,
949 3953 1051 4013 millies
1060 3957 1171 4029 maiora
1184 3954 1229 4013 his
1243 3969 1354 4014 merea·

184 4076 257 4134 mur,
273 4061 342 4133 quia
356 4064 454 4120 tamen
468 4061 545 4134 apud
559 4066 588 4120 te
602 4060 768 4134 propitiatio
784 4065 836 4135 est,
852 4059 989 4120 terribilis
1004 4074 1061 4117 uon
1075 4060 1123 4132 sis,
1139 4057 1226 4130 idque
1240 4071 1293 4130 per
1307 4057 1356 4118 Je-

184 4181 246 4224 sum
262 4163 406 4226 Christum
422 4166 558 4226 dilectum
579 4162 669 4224 filium
692 4172 788 4239 tumn,
813 4165 862 4238 qui
882 4170 975 4224 tecum
996 4177 1096 4220 cums.
1112 4161 1216 4232 spiritu
1236 4161 1307 4220 uiuit
1328 4166 1359 4223 et

184 4273 289 4346 regnat
297 4287 376 4331 unus
391 4276 422 4331 et
435 4271 512 4331 idom
526 4270 606 4330 Deus
620 4286 673 4346 per
687 4271 783 4330 omnia
797 4269 894 4328 secula
908 4267 1076 4328 seculorum
1099 4264 1200 4324 Amen.

273 4375 308 4435 In
323 4377 440 4438 consilio
456 4376 598 4451 imperiali
612 4375 767 4450 aliquando
786 4379 928 4436 anatum
943 4376 1000 4446 ost,
1022 4367 1177 4432 rebellibus
1190 4369 1221 4430 iu
1234 4371 1357 4447 gratam
