2940 4900
307 506 445 560 Aedificat
463 512 565 560 nostras
585 507 706 559 dominus
726 508 842 560 defendit
861 515 887 560 et
905 509 982 573 mdes,

347 598 381 648 In
399 613 496 650 nuum
515 597 630 664 vigilans
650 612 713 664 ergo
732 595 835 648 laborat
852 597 939 649 horno.

180 701 282 766 Caesar
298 707 439 778 pecunias
455 723 472 764 a
488 703 638 766 Germanis
654 707 756 781 exigit,
780 710 813 765 nt
832 707 856 766 si
870 706 946 767 sorte
960 723 1060 767 rursus
1074 708 1105 768 in
1120 706 1274 768 Germania

96 807 233 866 turnultus
250 811 452 883 exorirentur,
469 811 591 884 pecunia
605 809 668 868 haec
682 813 713 870 in
725 829 830 873 nervos
844 812 912 872 belli
925 811 1076 873 habeatur.

179 912 203 972 Ο
218 916 425 988 patentissime
442 915 532 989 Deus,
548 919 679 990 potentes
694 922 828 991 potenter
842 918 955 991 corripe
970 923 1004 977 nl
1018 917 1094 991 quod
1108 919 1229 992 ipsomet
1241 923 1276 976 tu

97 1018 141 1091 ais,
155 1019 204 1090 qui
219 1018 429 1080 haereditatem
445 1037 527 1080 suam
540 1027 626 1094 regat
639 1027 669 1080 et
683 1021 810 1096 eutollm,
826 1027 991 1096 agnoscant.
1015 1022 1135 1097 Ignosce
1149 1023 1274 1096 peccatis

96 1124 194 1182 mamis
210 1129 242 1183 et
256 1127 400 1200 pusillum
415 1125 467 1185 filii
482 1128 524 1186 tui
540 1141 656 1200 gregem
672 1143 690 1185 a
705 1127 936 1199 persequentium
951 1142 1037 1186 manu
1054 1128 1143 1202 eripe.

178 1229 262 1302 xxiiij
288 1229 437 1290 Joannem
457 1230 539 1290 uobis
559 1229 713 1306 apedibus
735 1232 765 1288 in
781 1232 945 1292 comitatum
960 1235 1089 1290 nostrum
1104 1232 1272 1303 remisimus,

97 1327 192 1392 mnes
207 1333 252 1392 illi
267 1335 301 1394 in
318 1335 454 1396 viatiemn
469 1333 593 1395 florenos
608 1350 712 1394 amens
727 1333 808 1394 duos.

177 1434 324 1514 Domine,
345 1440 376 1499 in
397 1440 478 1513 cujus
497 1456 584 1500 manu
607 1440 787 1500 sitavnostua
810 1439 901 1498 omnis
917 1440 1046 1499 consistit
1067 1443 1096 1499 et
1111 1439 1191 1514 cajus
1207 1444 1274 1498 sunt

98 1539 185 1598 exitus
199 1530 318 1620 mortis,
336 1560 475 1604 conserva
490 1551 520 1605 el
533 1559 585 1616 uos
601 1552 631 1606 et
650 1543 704 1604 hos
719 1544 884 1618 incolumes,
911 1543 948 1604 ob
963 1545 1062 1604 Jesum
1077 1543 1167 1604 filium
1182 1549 1272 1618 tunm,

99 1659 195 1717 regens
209 1664 266 1708 nos
282 1649 392 1723 spiritu
406 1666 428 1710 s.
445 1654 505 1710 tuo.

179 1751 297 1813 Eadem
321 1754 350 1834 d.
370 1754 498 1816 Joauues
519 1753 661 1814 Henrious
684 1754 714 1812 in
738 1753 801 1812 sede
822 1752 959 1812 Mauritio
980 1767 1064 1812 sacra
1087 1769 1123 1812 ex
1142 1769 1204 1828 cap.
1232 1755 1271 1812 13

100 1855 222 1927 epistola
235 1859 441 1934 adRomanos,
457 1859 565 1919 scilicet
575 1858 611 1918 de
626 1858 671 1917 his
682 1859 790 1918 verbis:
809 1857 898 1916 »Non
913 1859 988 1917 euin
1004 1863 1048 1919 est
1062 1865 1199 1935 potestas,
1217 1859 1272 1918 uisi

99 1957 199 2036 aDeo,
216 1980 285 2036 quae
302 1981 372 2024 vero
388 1970 456 2024 sunt
470 1968 638 2038 potestates,
655 1962 752 2022 aDeo
767 1949 908 2022 ordinatas
923 1966 998 2022 sunt.
1030 1965 1131 2038 ltaque
1147 1966 1272 2038 quisquis

101 2065 203 2125 resistit
223 2070 381 2143 potestati,
406 2069 461 2129 Dei
476 2069 650 2129 ordinationi
664 2069 793 2128 resistit«
811 2074 876 2143 ete,
900 2070 1084 2130 concionatus
1100 2075 1153 2129 est.
1192 2069 1273 2141 Dixit

17 2161 20 2230 ξ
101 2174 189 2229 autem
203 2172 283 2234 inter
299 2179 413 2246 catera,
433 2173 602 2247 perticulam
618 2174 809 2238 universalem
831 2175 946 2234 omnium
967 2175 1108 2234 neminem
1129 2176 1270 2248 excipere,

19 2257 20 2260 ¹
103 2276 273 2351 stragulae
295 2278 471 2340 ordinationi
491 2279 641 2352 potestatis
666 2279 786 2338 obedire
811 2279 931 2350 debere,
960 2279 1075 2351 dempto
1100 2285 1197 2339 tamen
1218 2280 1272 2338 hoc

102 2392 162 2452 nno,
178 2383 202 2441 si
218 2383 293 2457 quid
307 2388 408 2444 contra
424 2382 530 2443 Christi
545 2385 692 2457 honorem,
710 2383 870 2443 doctrinam
886 2399 996 2443 sacram
1012 2390 1041 2443 et
1053 2385 1162 2458 justum
1177 2399 1272 2442 sacra·

104 2488 258 2546 mentorum
283 2505 366 2548 usum
386 2489 576 2548 constituerit.
614 2487 689 2548 Nem
710 2503 774 2546 cum
793 2487 923 2548 Christus
938 2505 956 2547 a
970 2487 1034 2548 Deo
1049 2495 1132 2561 patre
1147 2489 1273 2548 omnium

104 2601 151 2646 rex
164 2595 338 2652 constitutus
354 2593 404 2668 sit,
430 2593 472 2651 illi
486 2592 592 2666 optimo
609 2593 676 2666 jure
691 2600 721 2652 et
742 2592 979 2672 meritopropria
995 2599 1024 2653 et
1038 2594 1123 2652 unica
1139 2591 1273 2652 obedien·

16 2733 17 2740 ,
105 2691 142 2750 tia
155 2696 321 2766 praestanda
334 2702 392 2770 est,
415 2697 446 2754 iu
460 2698 573 2758 caeteris
588 2698 718 2758 omnibus
740 2713 801 2757 mos
816 2696 960 2772 gerundus
975 2698 1198 2771 magistratibus.
1238 2696 1272 2756 In

16 2785 17 2790 ’
106 2791 155 2854 hoc
168 2807 276 2876 antem,
292 2806 324 2861 ut
339 2802 445 2861 dictum
460 2804 513 2876 est,
529 2803 597 2875 vita,
623 2819 697 2862 uxor
711 2809 740 2862 et
755 2802 839 2861 liberi
855 2801 969 2862 Christo
983 2801 1180 2876 posthabenda
1195 2809 1270 2877 suut,

15 2939 16 2972 ᾗ
107 2901 221 2964 manue
236 2923 302 2965 eum
318 2906 448 2966 Christus
462 2904 592 2976 dominus
607 2907 707 2968 saluts
730 2921 817 2966 causa
832 2905 927 2966 omnia
941 2907 1166 2982 parvipenderit.
1200 2907 1272 2966 (ion-

15 3017 17 3092 Ῐ
108 2999 223 3070 firmavit
238 3015 335 3070 autem
354 3011 410 3070 hoc
427 3011 520 3083 ipsum
539 3011 586 3069 hic
600 3013 786 3078 concionabar
807 3011 976 3072 testimoniis
991 3013 1198 3084 seripturarum
1213 3031 1271 3073 non

109 3114 207 3177 baucis.
247 3115 386 3191 Ooargnit
408 3132 522 3189 quoque
541 3131 604 3188 eos,
631 3117 680 3190 qni
695 3116 862 3177 Christanos
882 3117 1079 3192 magistratum
1095 3134 1153 3176 non
1170 3119 1271 3178 decere

14 3279 15 3287 ,
110 3218 260 3294 asumma
282 3221 350 3292 quin
372 3237 388 3278 e
409 3221 552 3294 scriptura
572 3223 747 3281 contrarium
767 3223 943 3298 approbans,
968 3239 1026 3282 non
1050 3223 1141 3282 solum
1159 3220 1170 3258 ¹
1185 3224 1272 3284 licere

12 3325 14 3405 κζ
110 3315 290 3386 christianum
309 3328 508 3400 magistratum
530 3342 646 3399 gerere,
670 3327 722 3391 sed
741 3327 847 3387 intimis
866 3329 940 3387 sotis
960 3327 1091 3387 omnibns
1116 3326 1272 3400 optandum

13 3510 16 3529 Ι
112 3437 176 3502 esse,
191 3435 225 3490 ut
238 3447 369 3504 personae
384 3432 435 3505 qui
449 3435 585 3505 praesunt,
601 3430 828 3491 christianissimi
843 3436 947 3492 essent.
979 3431 1042 3490 Hac
1057 3431 1132 3488 enim
1146 3430 1194 3489 uia
1208 3428 1272 3490 fieri

111 3540 195 3622 losse,
212 3537 390 3608 quoabusns
409 3540 439 3596 et
458 3537 488 3596 in
507 3535 646 3610 religione
669 3540 698 3594 et
712 3537 742 3595 in
758 3535 868 3594 cremiis
887 3534 1053 3609 reipublice
1069 3533 1194 3606 negociis
1209 3533 1272 3592 tolli

113 3645 199 3698 teres
215 3631 371 3713 adinstar‘n
391 3656 520 3700 normam
538 3640 632 3715 redigi
653 3644 769 3714 queant.
802 3639 875 3698 Item
890 3655 942 3713 per
957 3638 1088 3714 exempla
1102 3636 1228 3698 Datham
1244 3641 1273 3698 et
1337 3631 1339 3640 ‘

12 3762 13 3779 ¹
113 3733 215 3804 lanan
228 3743 316 3804 Moisi
338 3746 532 3806 resistentium
553 3749 583 3804 et
603 3743 757 3806 Absalonis
780 3748 881 3804 oontm
902 3741 1043 3802 Davidem
1063 3748 1175 3818 patrem
1190 3759 1273 3806 exur-

114 3847 197 3912 asnar
212 3853 278 3923 etc,
298 3850 437 3926 ostendit,
457 3866 544 3924 quam
563 3851 636 3910 male
655 3848 752 3922 cedat,
775 3848 873 3908 lovere
895 3846 1063 3922 seditiones,
1090 3855 1119 3908 et
1142 3866 1273 3923 quoenam

114 3960 214 4013 nereos
226 3952 325 4014 futura
339 3955 378 4014 sit
392 3969 505 4028 eorum,
531 3955 581 4027 qui
595 3954 732 4031 potestati
745 3953 892 4013 resistunt.
931 3953 988 4014 Ubi
1004 3956 1087 4030 enim,
1103 3956 1153 4029 ait,
1177 3955 1273 4014 nubas

115 4053 188 4130 ordo,
203 4057 393 4120 ibi-contusio.
417 4060 606 4134 Magistratus
621 4059 708 4119 etiam
723 4059 768 4118 sui
782 4059 903 4118 nominis
918 4062 948 4118 et
962 4057 1048 4120 cilicii
1063 4061 1204 4133 rationem
1221 4058 1272 4118 ha·

115 4150 175 4220 bere
189 4163 298 4224 monuit
311 4169 377 4239 etc,
396 4165 538 4238 pollicitus
557 4163 757 4226 incrastinum
776 4179 807 4224 sa
822 4163 907 4239 plura
921 4163 1017 4224 dehis
1032 4163 1182 4224 dicturum.
1211 4162 1270 4224 Do-
1387 4191 1391 4199 ·

684 4301 700 4336 ὴ

128 4433 132 4444 ·
181 4405 192 4450 l
213 4401 261 4454 lla.
274 4389 333 4451 ‘non
351 4399 436 4452 solnm
454 4415 508 4453 non
526 4401 545 4453 l.
