3028 4894
774 331 818 396 48

212 513 266 575 lice
279 529 383 589 rogare
395 514 568 592 episcopum,
585 529 642 589 quo
656 514 789 574 comitum
800 513 970 575 aWaldeck
981 514 1153 573 mentionem
1165 512 1272 574 hebere
1284 509 1371 572 vellet.

212 619 370 693 Respondit
388 620 486 695 itaque
507 620 629 696 praesul,
655 635 686 677 se
706 618 791 678 hodie
813 619 937 693 primum
960 619 1073 693 negocii
1098 620 1189 679 nostri
1211 617 1374 692 descriptum

213 725 356 800 accepisse
372 731 401 784 et
416 725 638 799 quamprimum
658 725 696 784 nd
710 724 913 798 imperatorem
932 725 1055 784 introire
1074 724 1180 798 possit,
1206 737 1237 782 se
1252 735 1375 781 casarea

212 831 369 904 majestatis
390 830 595 890 resolutionem
621 845 709 904 super
730 829 775 888 his
797 830 962 904 petiturum.
1008 828 1071 889 Hoc
1093 843 1232 903 responso
1259 826 1374 888 cuntant·

213 934 342 994 abiimus.

301 1037 397 1097 Habet
409 1037 610 1097 Atrebatensis
624 1039 654 1096 in
669 1037 826 1098 scribarum
840 1054 956 1098 suorum
971 1055 1090 1098 numero
1105 1037 1293 1099 secretarium
1301 1035 1378 1094 Nori-

212 1158 275 1201 cum
291 1158 326 1200 ex
340 1146 425 1216 gente
440 1142 690 1218 Pinaingerorum,
711 1159 796 1217 quem
811 1143 878 1202 dum
893 1145 1121 1218 conveniremus,
1137 1145 1193 1218 ait,
1210 1159 1242 1203 se
1257 1145 1379 1201 nostram

213 1247 328 1320 quidem
350 1263 464 1308 causam
487 1247 566 1321 apud
587 1249 751 1322 episcopum
772 1255 918 1322 acturum,
941 1265 1041 1308 verum
1060 1248 1090 1308 id
1105 1250 1229 1324 prinum
1248 1246 1379 1322 temporis

212 1352 337 1426 Viglium
352 1356 382 1410 et
396 1352 523 1412 Selldum
537 1351 682 1412 decretum
697 1353 808 1413 condlli
822 1355 978 1428 imperialis
995 1355 1128 1430 episcopo
1144 1354 1291 1414 detulisse.
1327 1353 1380 1411 Ro

213 1458 279 1530 gavi
294 1463 436 1532 praeterea
449 1459 553 1533 ipsum,
569 1464 601 1518 ut
612 1459 636 1516 si
652 1475 710 1532 qua
722 1463 829 1518 nostrae
841 1475 934 1518 causa
948 1460 1122 1519 mentionem
1135 1475 1155 1517 a
1167 1459 1241 1518 hero
1257 1471 1309 1520 suo
1323 1455 1381 1515 fieri

211 1561 338 1636 audiret,
355 1563 451 1622 omnia
464 1565 494 1621 in
510 1564 656 1623 meliorem
671 1569 782 1636 partem
796 1565 981 1637 interpretari
995 1569 1155 1639 satageret,
1175 1579 1223 1624 me
1239 1569 1269 1623 et
1282 1560 1381 1622 fratres

212 1667 262 1725 illo
276 1683 335 1726 nou
348 1669 477 1740 ingratos
491 1663 617 1728 futuros.=
637 1667 767 1729 Praebuit
781 1685 861 1744 spem
872 1668 987 1744 bonam,
997 1669 1040 1729 ait
1052 1683 1167 1742 quoque
1181 1668 1381 1742 imperatorem

213 1787 272 1829 nou
284 1768 367 1830 facile
382 1772 528 1831 decretum
542 1773 770 1832 consiliariorum
783 1780 905 1850 mutere,
921 1774 972 1835 sed
983 1790 1096 1849 semper
1109 1772 1171 1832 fere
1186 1773 1269 1848 illud,
1285 1778 1318 1833 ut
1331 1772 1383 1845 ipsi

213 1878 441 1950 proposuissent,
472 1877 666 1951 subscribere,
698 1879 754 1936 nisi
775 1895 922 1955 persone,
952 1897 1024 1954 quas
1047 1883 1219 1954 concernat,
1246 1876 1381 1952 ejusmodi

214 1988 317 2056 essent,
334 1981 412 2054 quod
427 1997 564 2040 summurn
579 1982 718 2042 adversus
736 1999 785 2042 eos
799 1987 958 2059 imperator
974 1985 1070 2046 odium
1084 1987 1273 2060 concepisset.
1296 1984 1382 2044 Inter-

213 2089 327 2161 rogavit
342 2088 436 2160 etiam,
461 2103 528 2145 num
543 2104 578 2148 ea
591 2088 725 2163 pecunia,
749 2106 834 2162 quam
849 2106 943 2150 comes
962 2107 981 2149 a
996 2089 1087 2150 Solms
1102 2107 1120 2150 a
1134 2089 1218 2150 nobis
1234 2091 1381 2166 exegisset,

213 2191 307 2250 soluta
321 2207 340 2250 a
354 2191 435 2251 nobis
450 2189 526 2251 foret
538 2208 635 2252 necne.
659 2194 805 2268 Respondi
817 2213 885 2271 non,
902 2212 1001 2255 verum
1011 2196 1044 2255 id
1055 2210 1176 2268 nonper
1187 2211 1250 2270 nos,
1268 2196 1320 2254 sed
1334 2209 1383 2268 per

212 2297 427 2371 imperatoriam
440 2300 618 2373 majestatem
637 2304 737 2359 staret.
776 2300 807 2359 si
826 2302 851 2360 is
863 2301 964 2374 jubeat
985 2305 1014 2359 et
1027 2305 1128 2359 contra
1143 2298 1295 2360 (latiorum
1309 2299 1382 2373 prin-

213 2403 283 2476 cipis
298 2403 371 2462 mam
389 2419 441 2463 nos
461 2401 616 2464 defendere
635 2404 717 2478 velit,
741 2419 795 2468 uos
816 2405 1002 2465 libentissime
1025 2422 1088 2466 eam
1110 2405 1264 2480 pecuniam
1276 2401 1383 2462 'Casani

212 2505 440 2584 deprompturos.
479 2508 568 2581 Quam
583 2510 707 2586 primum
720 2509 751 2568 in
765 2510 919 2585 hospitium
938 2511 1116 2585 devenimus,
1137 2511 1267 2598 loannes
1281 2507 1382 2582 Hagke

212 2616 383 2674 secretarius
398 2614 532 2674 Hoiensis
546 2614 585 2674 ad
598 2630 651 2674 nos
665 2616 756 2690 venit,
779 2618 841 2691 qui,
866 2616 990 2690 acceptis
1004 2615 1146 2675 mandatis
1161 2615 1200 2675 ad
1216 2613 1382 2674 uxorculam

212 2725 355 2794 nostram,
380 2720 419 2780 ad
438 2719 554 2778 comites
574 2735 641 2780 suos
660 2721 824 2798 contendit,
846 2721 925 2796 quod
945 2727 974 2782 et
993 2721 1036 2780 illi
1056 2726 1086 2780 et
1107 2720 1188 2780 nobis
1206 2719 1289 2780 Deus
1312 2719 1382 2779 boue

212 2829 315 2885 vertat.

301 2929 411 2989 Eadem
429 2931 571 2989 Ernestus
594 2931 719 2991 atlolms
742 2931 889 2990 nobIscum
911 2945 1034 3004 pransus
1057 2935 1117 3004 est,
1143 2934 1172 2989 et
1194 2946 1259 2989 curn
1279 2943 1381 2990 mensae

212 3032 450 3109 occumberemus,
466 3033 611 3092 Adrianus
626 3051 644 3092 a
659 3035 779 3094 Zertzen
794 3036 974 3110 supervenit,
991 3035 1041 3107 qui
1055 3034 1142 3108 longa
1155 3035 1311 3095 verborum
1326 3049 1381 3094 am-

212 3136 286 3210 bage
307 3137 443 3212 produxit
463 3138 600 3212 scriptum
620 3136 666 3214 (ut
683 3137 799 3214 vocant)
822 3142 1018 3215 compromissi
1040 3142 1116 3199 inter
1136 3139 1334 3200 coloniensem
1356 3144 1383 3197 et

213 3257 266 3300 nos
287 3242 494 3316 archiepiscopi
522 3241 616 3316 sigillo
643 3243 732 3303 adid
753 3260 896 3321 appenso,
927 3262 990 3304 eum
1012 3250 1108 3306 tamen
1130 3251 1196 3318 post
1217 3250 1262 3306 tot
1285 3259 1382 3321 preces

213 3351 325 3406 nostras
340 3364 376 3408 ne
391 3348 492 3407 vocula
506 3347 620 3421 quidem
634 3349 665 3407 in
679 3366 713 3409 eo
728 3355 838 3410 mnan
856 3355 940 3410 esset.
971 3351 1029 3410 Sed
1043 3366 1110 3409 snus
1125 3355 1240 3410 saumas
1260 3351 1306 3410 his
1323 3351 1383 3408 erat

212 3454 291 3530 rigor
308 3471 382 3531 pene
400 3453 582 3529 tyrannidem
603 3455 726 3528 sapiens.
765 3453 820 3514 Ast
834 3451 992 3529 frangenda
1005 3456 1067 3514 hec
1090 3472 1149 3514 nux
1169 3460 1248 3530 eret,
1273 3452 1382 3516 etiamsi

212 3555 294 3618 facile
309 3560 480 3636 rideremus,
499 3562 529 3620 in
544 3577 616 3634 quos
630 3559 691 3619 haec
708 3560 793 3621 modo
809 3560 962 3620 cuderetur
976 3557 1051 3621 faba.

300 3663 390 3723 Fama
403 3670 464 3724 tum
478 3664 637 3740 ferebatur,
652 3667 735 3740 Jussu
749 3666 864 3726 caesaris
879 3665 969 3725 multa
983 3665 1108 3738 insignia
1122 3664 1258 3726 militaria
1272 3661 1380 3734 confici,

212 3781 276 3824 cum
290 3763 344 3826 hac
358 3770 555 3843 inscriptione:
573 3771 654 3830 Unus
668 3770 762 3845 Deus,
778 3788 836 3830 una
850 3769 936 3844 fides,
953 3787 1026 3829 unus
1039 3785 1102 3828 rex.

300 3871 428 3930 Vidimus
448 3874 548 3932 eadem
567 3876 597 3934 in
617 3877 701 3936 domo
722 3875 854 3937 Otthonis
876 3876 1033 3950 argentarii
1052 3876 1158 3934 molam
1177 3874 1217 3934 nd
1235 3870 1381 3948 poliendos

212 3971 377 4034 adamantes
392 3983 531 4053 paream,
549 3984 578 4038 et
591 3996 624 4038 re
639 3981 702 4054 ipsa
717 3983 904 4055 comperimus
913 3978 1074 4040 fabulosum
1085 3996 1157 4054 esse,
1174 3979 1252 4052 quod
1266 3978 1379 4037 adamas

212 4082 339 4140 nonnisi
354 4081 465 4143 hircino
480 4084 619 4157 sanguine
633 4083 774 4157 tepefacto
794 4084 957 4160 frangatur,
979 4086 1031 4146 sed
1044 4084 1166 4146 terendo
1181 4086 1289 4160 politur
1305 4089 1334 4143 et
1347 4097 1380 4140 eo

212 4187 383 4262 pulvisculo,
400 4189 448 4261 qui
464 4203 500 4247 ex
514 4187 625 4248 duabus
640 4189 757 4263 gemmis
772 4190 847 4248 inter
862 4207 893 4248 se
908 4192 1016 4250 attritis
1031 4189 1150 4264 decidit,
1167 4191 1231 4250 oleo
1247 4192 1381 4250 olivarum

211 4290 352 4368 admixto,
369 4294 491 4353 terendo
506 4310 594 4368 super
606 4293 707 4354 orbem
720 4294 883 4368 plumbeum
897 4296 1001 4355 teritur
1016 4301 1044 4355 et
1058 4297 1267 4356 comminuitur.
1307 4293 1380 4356 Aua

211 4412 272 4458 mas
287 4414 345 4459 non
359 4397 465 4472 politus
480 4400 604 4461 colorem
618 4398 705 4460 habet
719 4398 939 4460 subcinericium
952 4399 1031 4462 iores
1045 4399 1192 4474 hispidior.
