2940 4900
174 449 320 508 Romanos
335 447 520 506 concionatus
535 451 587 506 est.
628 444 700 504 Heri
715 443 790 504 enim
804 460 823 502 a
838 443 959 504 meridie
973 441 1049 502 idem
1063 441 1237 518 argumenti
1251 425 1349 499 tracta
1455 457 1458 494 1

173 553 233 610 bat.
258 552 343 625 Legit
356 557 452 611 1111111
466 567 543 611 nunc
557 552 695 623 temporis
711 549 746 610 de
762 566 797 608 eo
811 551 887 609 loco:
910 549 1025 608 Nemini
1039 549 1203 622 quicquam
1219 545 1350 618 debeatis,
1457 561 1458 600 l

173 659 229 717 nisi
244 657 312 730 hoc,
336 664 369 717 ut
382 659 504 718 invicem
519 673 570 716 vos
587 657 724 730 diligatis.
763 655 838 713 Nam
854 656 903 728 qui
919 654 1013 728 diligit
1027 654 1176 727 alterum,
1198 653 1293 726 legem
1306 652 1353 708 im-

176 765 275 840 plevit,
291 762 433 837 siquidem
447 763 513 822 illa:
537 759 605 820 Nou
619 760 808 833 adulterabis,
831 776 888 818 non
903 760 1032 834 occides,
1049 775 1113 834 uon
1129 757 1291 831 buraberis,
1305 772 1356 814 non
1455 771 1458 810 1

177 868 281 928 falsum
295 869 489 926 testimoninm
504 866 599 940 dices,
625 882 682 924 non
697 865 881 940 concupisces
895 869 926 924 et
939 865 964 922 si
977 865 1057 938 quod
1071 861 1159 924 aliud
1174 867 1356 938 preceptum,
1455 861 1458 917 i

176 975 207 1032 in
222 975 277 1034 hoc
300 990 431 1033 sermone
452 973 614 1030 summatim
637 970 898 1045 comprehenditur.
937 970 1049 1046 Nempe
1073 970 1185 1043 diliges
1201 969 1358 1044 proximum
1457 981 1458 1020 l

177 1084 258 1138 tunm
272 1078 346 1136 siout
361 1083 390 1136 te
405 1079 507 1150 ipsum.
530 1075 654 1135 Dilectio
669 1075 800 1150 proximo
815 1077 922 1134 malum
936 1092 995 1135 non
1011 1081 1166 1149 operatur,
1185 1089 1358 1134 consumma·

177 1185 218 1242 tio
234 1185 333 1257 itaque
347 1184 419 1257 legis
435 1186 481 1241 cst
495 1181 609 1241 dilectio
624 1184 679 1240 etc.
703 1181 761 1238 Pro
777 1181 874 1240 studio
883 1187 979 1240 antem
994 1183 1163 1244 inculcandi
1179 1197 1219 1240 ea
1234 1195 1300 1254 quae
1313 1195 1360 1251 per

180 1291 241 1350 dies
257 1289 366 1362 aliquot
387 1287 524 1347 docuerat
545 1303 580 1344 ca
599 1284 689 1346 verba
712 1301 770 1344 non
789 1285 893 1360 attigit.
932 1286 989 1346 Sed
1003 1287 1121 1360 repetiit
1144 1286 1269 1360 singola
1282 1285 1359 1358 bnjus

179 1395 292 1470 capitis,
308 1393 463 1453 admonens
479 1393 678 1466 magistratum
692 1407 806 1470 rursum
822 1391 866 1448 sui
881 1387 969 1450 officii
984 1396 1013 1450 et
1027 1390 1199 1452 dilectionis
1223 1391 1255 1450 in
1270 1387 1361 1448 subdi·
1450 1461 1451 1466 ἵ

163 1507 236 1559 ·tos.
275 1500 347 1557 Item
367 1477 509 1570 subditos,
534 1502 567 1556 ut
581 1496 760 1570 magistratui
780 1496 811 1552 iu
829 1495 975 1570 omnibns,
997 1501 1106 1572 praeter
1130 1497 1158 1555 si
1174 1495 1250 1569 quid
1265 1501 1360 1552 contra
1450 1477 1451 1491 ¹

178 1604 298 1663 verbnm
311 1603 367 1662 Dei
381 1607 530 1676 statueret,
547 1602 713 1662 obedientes
728 1617 759 1660 se
771 1605 953 1675 praestarent,
969 1602 1118 1674 tributum,
1136 1600 1282 1675 vectigal,
1298 1612 1360 1656 con·
1450 1647 1451 1676 ἶ

179 1710 350 1768 tributiones
371 1706 494 1780 denique
517 1713 546 1766 et
561 1709 656 1775 omnia
671 1707 810 1780 ejusmodi
825 1723 861 1765 ex
875 1708 1016 1766 charitate
1032 1707 1170 1768 offerant.
1209 1698 1359 1765 111111111-
1450 1683 1452 1756 ἶ

180 1815 255 1871 oium
269 1811 443 1870 defendendi
458 1812 549 1870 bonos
565 1818 594 1871 ct
604 1813 695 1871 malos
710 1811 862 1870 coercendi
876 1813 938 1871 siue
952 1814 1062 1886 magnis
1072 1812 1246 1888 sumptibus
1262 1806 1360 1880 exequi
1448 1816 1452 1839 ¹

180 1919 288 1991 nequit,
305 1918 347 1976 ait
361 1917 408 1974 hio
422 1917 611 1976 ecclesiastes,
650 1917 723 1975 Item
737 1897 955 1992 magistratuum
963 1934 1108 1982 ,summam
1124 1925 1157 1978 et
1172 1917 1301 1994 primam
1314 1927 1357 1969 cu·
1448 1907 1452 1953 l

180 2040 243 2082 ram
258 2038 321 2080 csse
336 2020 450 2094 debere,
467 2026 499 2079 ut
514 2007 633 2080 subditis
648 2021 685 2080 de
699 2019 831 2081 fidelibus
846 2025 927 2082 verbi
949 2024 1087 2082 ministris
1100 2022 1310 2097 provideatur,
1333 2021 1359 2073 et

181 2107 301 2202 populus
317 2127 354 2185 ab
370 2125 476 2185 eisdem
491 2124 616 2185 fideliter
630 2128 661 2184 in
676 2143 746 2185 sona
762 2126 894 2186 doctrina
907 2128 1089 2186 instituatur.
1114 2129 1205 2187 item
1221 2129 1257 2184 ut
1271 2123 1358 2182 cultus

182 2233 296 2293 diuinus
312 2232 414 2306 quibus
430 2232 485 2293 coli
499 2249 530 2291 se
544 2231 617 2292 velle
633 2233 733 2290 unicus
747 2231 797 2290 ille
812 2232 901 2306 Deus,
917 2237 1122 2306 praeterquam
1137 2249 1203 2292 non
1219 2235 1266 2290 est
1280 2228 1356 2296 alius,

183 2354 235 2413 per
250 2335 340 2396 filium
355 2353 437 2396 snum
451 2337 548 2396 docuit
558 2338 642 2411 juxta
667 2339 816 2413 scripturae
832 2340 1000 2414 praescripta
1014 2343 1186 2414 peragatur.
1228 2337 1305 2408 Non,
1321 2333 1359 2390 iu·
1452 2313 1453 2316 ¹

184 2444 255 2520 quit,
272 2442 499 2501 ceremonialem
515 2442 596 2501 illum
611 2443 794 2516 papisticnm,
815 2444 865 2516 qui
875 2443 993 2502 ‘nonnisi
1009 2458 1062 2518 pro
1077 2443 1146 2502 ludo
1162 2442 1274 2520 puerili
1289 2453 1356 2514 pup·
1452 2469 1453 2472 =

183 2565 285 2623 porum
305 2564 384 2608 more
404 2549 507 2621 puppis
529 2547 687 2631 ludentium
711 2545 916 2608 existimandus
939 2553 991 2606 est.
1029 2549 1226 2621 Magistratus
1249 2555 1358 2620 qnoque

184 2670 302 2730 operam
317 2654 379 2726 det,
402 2658 434 2712 ut
456 2659 485 2712 et
505 2654 566 2725 ipse
588 2653 737 2728 seriptnrae
753 2669 776 2713 s.
793 2642 850 2712 non
874 2655 950 2712 omni
966 2671 1002 2712 ex
1016 2659 1100 2728 parte
1114 2655 1239 2728 ignarus
1255 2653 1301 2724 sit,
1324 2661 1357 2705 nc

185 2777 297 2834 semper
320 2759 356 2818 ab
379 2774 430 2816 ore
452 2757 682 2830 detorquentium
702 2758 859 2834 scripturos
874 2766 904 2819 et
917 2761 1011 2819 alieno
1032 2761 1152 2820 cerebro
1167 2760 1301 2834 pendere
1315 2769 1357 2812 11
1454 2751 1458 2836 ,¹

184 2871 298 2940 gantur.
336 2863 490 2922 Adducens
507 2863 542 2922 de
556 2865 610 2922 hoc
625 2870 800 2939 praeceptum
817 2865 989 2938 legislatoris
1004 2865 1120 2924 Moseos
1137 2882 1174 2924 ex
1188 2865 1281 2925 Dent.
1297 2873 1355 2930 cap.

191 2973 239 3028 17.
263 2970 335 3027 11111
348 2973 444 3026 antem
459 2965 519 3026 fere
534 2974 601 3027 sunt
615 2971 712 3029 verba.
737 2970 807 3029 Cum
821 2971 930 3030 sederit
943 2971 973 3029 in
993 2971 1065 3029 solio
1079 2972 1162 3045 regui
1179 2973 1236 3046 sui,
1253 2963 1356 3029 deson'·
1455 2895 1458 3020 Ι

185 3074 237 3133 bet
250 3072 304 3131 sibi
320 3073 466 3148 exemplar
480 3072 566 3146 hujus
580 3073 652 3146 legis
667 3075 697 3132 in
711 3074 784 3134 libro
794 3091 890 3134 coram
902 3074 1100 3135 sacerdotibus
1110 3077 1219 3137 levitici
1235 3069 1354 3150 generis,

187 3177 298 3251 eritque
313 3176 384 3236 illud
399 3193 487 3251 penes
503 3192 578 3250 eum,
594 3183 627 3236 ut
639 3179 717 3253 leget
731 3179 762 3240 in
778 3197 812 3240 eo
828 3182 936 3241 cunctis
951 3181 1051 3240 diebus
1070 3181 1137 3239 vitre
1158 3199 1236 3256 suae,
1257 3182 1291 3238 nt
1304 3173 1354 3232 sci·

185 3283 253 3343 11111
268 3282 360 3342 discat
383 3283 483 3342 timere
509 3283 654 3343 dominnm
668 3283 762 3344 Deum
782 3299 864 3343 suum
884 3291 914 3344 et
934 3300 1050 3345 servare
1071 3288 1167 3345 omnia
1182 3276 1354 3352 subelegit

186 3387 271 3464 hujus
287 3405 320 3450 ao
335 3394 445 3450 statuta
459 3390 524 3464 ista,
540 3395 573 3449 ut
588 3387 674 3477 iaciat
689 3406 733 3463 ea,
751 3396 780 3450 et
795 3406 831 3450 ne
847 3389 965 3450 extollat
984 3407 1034 3449 cor
1049 3409 1132 3452 sunm
1147 3410 1238 3468 supra
1252 3387 1353 3448 1111111

186 3511 267 3570 suos,
294 3511 387 3570 neque
406 3494 524 3555 recedat
545 3501 721 3572 apraecepto
742 3514 795 3557 neo
813 3497 851 3554 ud
867 3495 1012 3555 1111111111
1028 3509 1081 3556 nec
1095 3497 1133 3556 ad
1147 3498 1301 3564 sinistram,
1323 3488 1353 3544 ui

186 3607 323 3675 proroget
344 3600 405 3660 dies
424 3602 454 3659 in
473 3617 562 3676 regno
585 3618 637 3661 suo
659 3604 722 3678 ipse
745 3607 774 3660 et
793 3599 844 3662 filii
869 3601 929 3674 ejus
953 3601 983 3659 in
1006 3601 1099 3662 medio
1119 3603 1245 3662 Israelis.
1282 3597 1350 3656 Item

187 3704 344 3775 exemplum
359 3703 447 3763 Josiae
462 3707 553 3779 regis,
579 3708 628 3780 qui
648 3712 764 3783 reperto
788 3707 863 3766 libro
874 3708 960 3787 legis
972 3707 1079 3768 cultum
1094 3705 1149 3766 Dei
1163 3693 1351 3776 redintegrari

186 3812 364 3880 praeceperat
379 3813 431 3866 etc.

274 3909 451 3970 Aconcione
472 3913 538 3973 dum
559 3915 702 3989 loannes,
724 3919 873 3992 Philippus
894 3924 923 3977 et
943 3917 1058 3982 Samuel
1077 3917 1193 3976 comites
1217 3904 1350 3976 1111111ὶῃ

188 4015 354 4076 deducenda
369 4016 483 4075 domino
499 4019 627 4092 principe
643 4021 790 4095 abessent,
811 4021 941 4081 Eubulus
957 4027 987 4080 ot
1001 4020 1188 4081 Wendelinns
1202 4012 1347 4080 comuste

188 4137 236 4180 eos
253 4121 355 4182 Oarolo
371 4138 389 4181 a
405 4122 560 4196 stocheim,
583 4129 700 4198 satrapa
713 4126 744 4183 in
759 4125 909 4202 Woilburg
928 4133 958 4186 et
971 4126 1116 4208 Usingeu,
1135 4127 1347 4186 auenniensem

187 4225 298 4301 adiere,
323 4230 372 4302 qui
393 4230 454 4288 viso
469 4228 583 4288 Enbnlo
607 4230 710 4304 gallico
735 4247 815 4290 more
835 4233 1003 4292 exclamavit
1024 4233 1094 4294 Mon
1114 4228 1247 4307 seigneur
1268 4222 1344 4284 conii
1455 4217 1458 4361 1

187 4337 252 4406 eto,
268 4331 389 4394 innuens
411 4351 443 4394 se
462 4335 586 4397 crastino
607 4337 720 4398 circiter
742 4339 871 4398 octavam
891 4353 975 4410 posse
995 4339 1138 4412 arbitrare
1152 4333 1344 4404 resolutionem
