3028 4894
697 308 743 376 ll

125 505 186 549 nem
210 491 243 549 in
265 489 362 550 coelos
381 489 418 550 ad
446 495 476 548 te
496 488 590 550 Deum
615 497 727 566 patrem
747 498 777 552 et
797 491 891 552 Deum
911 495 1005 554 virum
1026 496 1230 571 deprecamur,
1255 497 1305 570 qui

123 601 215 654 tecum
231 596 308 654 vivit
324 601 357 655 et
370 601 474 670 regnat
489 611 552 654 cum
567 603 667 656 sancto
682 598 786 671 spiritu
800 599 831 656 in
845 605 1025 673 perpetuum.
1049 601 1152 662 Amen.

211 691 283 760 Non
298 706 422 773 statues,
447 701 570 776 dominc,
586 703 749 762 domesticis
771 705 877 762 nostris
900 705 931 763 in
945 707 1304 781 peccatum'ingnerautias

121 807 366 878 juventutissuae
381 813 411 866 ot
425 811 523 868 averto
538 807 574 868 ah
590 810 645 882 eis,
673 823 690 866 o
706 807 827 882 domine,
850 813 912 868 ate
927 825 986 869 non
1000 811 1155 870 immissum
1169 825 1304 885 pavorem

124 915 153 968 et
167 916 382 988 contemptum,
398 918 432 978 et,
442 928 581 972 conserva
595 911 649 972 tihi
664 927 736 986 quos
751 914 874 975 redemit
890 921 920 975 ct
934 930 988 989 pro
1003 915 1106 989 quibus
1121 918 1215 976 orant
1228 914 1303 974 tilius

124 1023 200 1090 tuus,
224 1023 261 1076 ut
283 1019 447 1092 persistant
469 1020 500 1077 in
519 1019 622 1078 timore
637 1023 667 1078 et
681 1018 803 1078 veritate
817 1025 876 1080 tua.
915 1020 961 1079 Da
975 1037 1012 1080 ne
1033 1023 1243 1096 retrospiciunt,
1267 1037 1304 1081 ne

123 1119 299 1183 moveamini·
329 1123 511 1184 multitudine
535 1123 732 1198 repedantium
760 1124 790 1183 in
813 1123 975 1198 Aegyptum
997 1131 1026 1185 et
1045 1128 1250 1200 venerantium,
1274 1132 1303 1186 te

124 1208 279 1302 derelicto,
292 1230 492 1302 potentiorum
507 1243 615 1288 auram.
655 1227 710 1300 uui
723 1233 807 1302 pater
822 1245 853 1288 es
868 1230 925 1288 tuis
940 1230 1068 1304 provide,
1085 1233 1153 1304 quia
1167 1231 1247 1292 Deus
1262 1249 1301 1304 es,

124 1331 164 1390 cis
178 1332 347 1394 bonitatem
360 1341 440 1394 tuam
450 1333 583 1408 romundo,
600 1334 667 1406 quia
682 1338 784 1406 potens
799 1349 838 1408 cs,
858 1335 986 1394 inimicos
1002 1340 1137 1396 conuerte
1153 1341 1183 1396 et
1198 1352 1250 1396 nos
1267 1335 1303 1394 dc

124 1435 271 1498 trientibus
288 1437 422 1500 faucibus
438 1455 537 1498 eorum
552 1442 686 1512 potenter
703 1439 791 1512 eripe.
815 1439 915 1498 Amen.

211 1542 262 1603 Ad
282 1547 438 1619 septimam
460 1543 716 1603 antemeridianam
734 1544 844 1604 curiam
869 1543 1028 1604 archiducis
1049 1545 1238 1604 Maximiliani
1258 1547 1301 1602 in·

125 1651 245 1724 mantes,
261 1651 336 1710 lieet
350 1649 489 1710 archidux
503 1647 597 1708 adhuc
610 1649 684 1708 lecto
700 1647 890 1708 decumberet.
923 1649 1113 1726 Progredicns
1130 1651 1161 1708 in
1172 1650 1308 1725 superine

126 1753 230 1812 utrium
246 1755 391 1831 ascendit,
407 1757 522 1814 nussum
537 1754 582 1831 (ut
597 1750 707 1829 dicunt)
723 1754 815 1816 aulico
829 1771 908 1816 more
923 1757 1051 1817 audiens.
1081 1758 1143 1830 Qua
1157 1753 1239 1814 linita
1254 1772 1299 1814 re-

128 1857 264 1920 deuntem
284 1862 325 1922 ad
345 1860 504 1920 cubiculum
527 1858 617 1920 irater
640 1865 737 1920 noster
751 1861 880 1922 loannes
900 1865 1076 1937 campaneis
1096 1855 1236 1933 convenit,
1253 1876 1300 1918 ro-

127 1978 197 2034 gans
211 1970 246 2024 ut
261 1983 320 2028 sua
333 1967 468 2039 majestas
484 1969 513 2024 et
525 1981 577 2024 nos
589 1971 618 2024 et
627 1945 742 2026 oausam
757 1972 885 2027 nostram
899 1968 954 2027 sibi
970 1967 1181 2028 commendatos
1196 1967 1302 2026 habere

130 2065 309 2142 dignaretur.
351 2072 431 2132 Idem
447 2088 559 2144 quoquo
574 2071 704 2131 Eubulus
719 2079 862 2147 precatae,
886 2078 1001 2134 tacente
1025 2075 1139 2134 interim
1159 2071 1300 2144 Philippo.

128 2171 276 2234 Archidux
292 2177 421 2250 singulos
436 2182 508 2236 nutu
527 2177 629 2250 capitis
644 2176 772 2238 salutans
792 2178 954 2254 rospondit:
977 2179 1103 2251 Faciam,
1128 2181 1185 2238 imo
1199 2173 1303 2235 faciam

129 2275 327 2342 libentissime.
349 2283 403 2342 Est
415 2281 628 2342 Maximiliauus
643 2283 784 2343 archidux
799 2284 966 2344 adolescens
981 2282 1073 2342 forma
1087 2299 1145 2342 non
1159 2280 1300 2353 illiberali,

128 2387 307 2454 proceritate
323 2389 450 2462 corporis
462 2389 557 2472 Justa,
571 2389 601 2447 in
624 2387 736 2448 effando
755 2371 960 2448 humanitatem
980 2388 1137 2462 principem
1156 2387 1302 2445 decentem

129 2491 358 2559 praeseferens.
396 2492 509 2552 Dicitur
525 2509 594 2567 erga
616 2493 753 2566 pietatem
769 2497 799 2551 et
814 2491 996 2550 Germaniam
1012 2509 1070 2558 non
1084 2491 1158 2550 male
1173 2488 1300 2549 affectus.

130 2592 182 2664 Qui
196 2598 291 2658 corda
305 2615 404 2671 regum
419 2600 450 2657 in
464 2614 556 2684 manu*
565 2613 618 2657 sua
631 2597 731 2671 habet,
752 2597 793 2656 illi
808 2597 963 2657 concedere
979 2596 1122 2670 dignetur,
1138 2601 1170 2655 ut
1185 2595 1301 2668 optima,

133 2713 192 2770 quae
207 2719 270 2763 non
285 2720 377 2779 pauca
392 2711 502 2764 naturae
517 2703 593 2763 dona
606 2702 704 2774 habet,
721 2703 758 2762 ad
773 2703 828 2762 Dei
843 2702 971 2776 gloriam,
994 2699 1172 2768 subditorum
1186 2714 1302 2758 suorum

132 2803 290 2874 proiectum
306 2815 336 2870 et
349 2811 450 2870 animae
465 2825 525 2870 suso
541 2809 678 2881 salutem,
704 2808 812 2891 abactis
834 2805 1037 2872 susurronibus
1053 2811 1082 2866 ot
1096 2804 1301 2876 adulatoribus,

36 2909 37 2940 ἒ
133 2912 236 2974 utatur.

217 3017 385 3079 Fridericus
408 3034 522 3094 quoqne
545 3035 638 3080 comes
663 3019 892 3093 aFurstsuberg
913 3018 1018 3079 ibidem
1042 3019 1151 3092 aderat,
1175 3014 1227 3075 sed
1249 3029 1301 3073 nos

36 3121 37 3146 ¹
135 3121 262 3183 urridens
278 3121 338 3184 iere
354 3124 504 3185 sardonico
524 3127 584 3184 risu
601 3123 669 3183 nihil
684 3117 826 3199 praterea
846 3123 1027 3186 salutationis
1043 3124 1088 3184 vel
1103 3121 1234 3198 amicitiae
1248 3134 1300 3179 no·

36 3253 37 3272 a
135 3220 176 3283 bis
191 3229 338 3302 exhibens,
355 3244 414 3288 non
429 3229 557 3303 cogitans
572 3245 635 3289 esse
650 3245 747 3288 rerum
761 3229 847 3289 uices.

218 3335 330 3396 Eadem
346 3335 465 3395 vidimus
480 3336 620 3394 loannem
635 3335 787 3394 Rudelium
806 3334 929 3394 Lubecae
944 3335 1068 3394 civitatis
1083 3331 1239 3404 syndicum.

219 3441 412 3514 Posteaquam
426 3441 463 3500 ab
479 3439 631 3499 archiduce
645 3455 788 3500 secessum
803 3445 855 3511 cst,
865 3439 1086 3498 Atrebatensem
1101 3451 1214 3507 quoque
1229 3448 1297 3490 con·

137 3542 228 3603 venire
243 3550 444 3604 statueramus.
468 3546 574 3604 Verum
589 3545 741 3604 consiliarii
761 3544 923 3617 imperiales
943 3539 1003 3600 fere
1019 3553 1116 3599 onmes
1132 3537 1209 3613 apud
1223 3537 1299 3594 hunc

139 3653 222 3708 eruut.
247 3649 372 3708 Allocuti
388 3666 483 3708 sumus
498 3650 693 3723 secretarium,
710 3653 740 3708 at
749 3648 774 3706 is
784 3645 1035 3706 anteambulonum
1049 3643 1205 3703 amicorum
1219 3657 1299 3702 more

36 3787 37 3802 t
139 3752 213 3814 nobis
227 3753 336 3814 fumum
351 3755 488 3814 vendidit.
521 3755 638 3834 ligimus
653 3759 750 3812 umen
764 3767 828 3810 cum
839 3751 991 3812 Leonardo
1006 3751 1140 3826 episcopo
1152 3765 1173 3808 u
1187 3747 1300 3807 cubicu-

138 3851 177 3930 lis,
192 3864 224 3918 ut
238 3861 264 3919 is
280 3858 358 3933 apud
372 3859 473 3919 herum
488 3875 571 3918 suum
586 3859 678 3921 nostri
687 3859 859 3918 montionem
872 3857 1000 3919 haberet.
1024 3855 1153 3916 Vidimus
1168 3854 1300 3916 ibiAcel·

139 3956 198 4020 dam
213 3963 346 4023 Caesaris.

219 4069 360 4129 Ostiarius
381 4083 500 4128 camerae
523 4053 813 4144 conchiiimperialis
828 4069 974 4131 nobiscum
988 4083 1111 4142 pransus
1126 4072 1177 4126 est
1217 4065 1301 4124 Hune

139 4163 280 4234 instituere
296 4175 384 4234 hahet
399 4189 508 4249 praeses
524 4173 644 4248 concilii,
660 4177 709 4249 qui
723 4176 807 4236 modo
822 4175 960 4236 archidux
975 4181 1048 4233 erat.

218 4279 246 4338 A
266 4279 388 4355 prandio
409 4278 552 4337 Adrianus
572 4295 590 4336 a
610 4279 730 4339 Zertzen
751 4283 830 4339 venit
850 4297 945 4339 secum
967 4279 1111 4338 adducens
1133 4273 1300 4350 praefectum

140 4373 171 4440 dc
183 4382 283 4445 lillich
294 4386 379 4460 juxta
393 4383 532 4458 Bonnam,
545 4385 605 4458 oui
620 4389 648 4446 ct
667 4386 729 4460 ipso
743 4382 833 4444 filiam
847 4383 934 4444 habet
953 4389 1077 4456 satrapae
1097 4379 1133 4440 de
1152 4381 1300 4455 Fridburg
