3028 4894
762 323 805 388 26

199 512 330 572 oratioue
339 508 483 584 publirani
492 507 568 569 illius
580 508 746 584 evangelici,
762 505 869 566 scilicet
883 504 982 566 »Deus
992 504 1133 581 propitius
1147 506 1210 564 esto
1222 500 1290 561 mibi
1304 515 1371 577 pec·

198 618 320 676 catari«
351 614 422 675 Post
435 615 497 675 haec
509 617 591 688 jussu
607 613 712 673 Christi
727 618 756 672 et
773 611 902 686 exemplo
917 611 1112 686 apostolorum
1126 608 1275 670 admonuit
1288 609 1372 669 obse·

198 722 341 781 crationes
356 735 409 795 pro
424 721 554 781 omnibus
568 719 712 780 hominum
728 717 876 778 ordinibus
890 714 967 789 fieri,
989 715 1131 788 posthaec
1146 731 1182 772 ex
1197 715 1303 788 scripto
1318 730 1369 774 uc·

198 827 275 885 mina
298 841 396 886 eorum
414 823 558 898 referens,
584 825 632 899 qui
652 824 863 883 matrimonium
885 822 959 880 inire
982 820 1174 879 destinassent
1197 835 1230 879 ac
1251 819 1371 894 probis

197 930 375 991 intercedere
394 929 507 1004 iubens.
546 929 661 989 Deinde
685 927 845 1002 catalogum
866 926 964 986 morbo
986 922 1178 985 laborantium
1198 929 1228 984 et
1242 925 1291 998 qui
1306 940 1369 984 ora·

197 1037 304 1096 tionem
319 1035 446 1095 ecclesias
467 1035 667 1110 expetiissent,
691 1033 838 1105 recitavit,
862 1033 903 1091 ita
923 1038 955 1092 ut
975 1032 1168 1104 cujuscunque
1188 1030 1252 1103 quis
1271 1029 1369 1090 condi·

196 1141 282 1200 tionis
303 1146 380 1200 esset
400 1140 555 1214 indIcaret,
579 1139 740 1214 suppressis
762 1145 857 1198 tanen
879 1137 1047 1198 nominibus.
1087 1134 1213 1196 Collecta
1234 1142 1263 1195 et
1282 1137 1370 1196 bene·

196 1245 320 1308 dictione
329 1242 560 1321 populiofficium
569 1245 684 1304 saumis
695 1243 845 1304 absolvens
861 1243 981 1302 ambone
997 1242 1135 1302 discessit.
1157 1242 1228 1302 Post
1242 1242 1304 1301 haec
1318 1242 1369 1301 do-

196 1351 273 1410 mino
287 1351 419 1411 Musonio
434 1352 541 1425 gradru
556 1348 730 1410 ascendente
750 1349 869 1408 ecclesia
890 1348 967 1406 canit
985 1346 1120 1423 hymnum
1139 1347 1175 1407 de
1190 1348 1371 1407 invocatione

198 1457 319 1531 Spiritus
340 1456 453 1530 Sancti,
486 1457 543 1530 quo
566 1453 647 1514 finito
669 1454 816 1514 Masculus
843 1453 950 1529 populo
974 1453 1104 1526 spiritum
1125 1452 1181 1512 Dei
1203 1451 1308 1512 bonam
1332 1451 1369 1513 ad

196 1561 370 1622 audiendum
384 1578 447 1622 cnm
463 1561 557 1622 fructu
580 1560 699 1621 uerbum
721 1562 810 1634 ipsias
834 1560 1006 1633 imprecatus
1022 1560 1179 1617 orationem
1202 1558 1370 1618 dominicam

198 1683 283 1727 orare
295 1669 393 1741 iussit,
415 1669 535 1741 ipsemet
549 1667 660 1741 prolixe
680 1681 775 1724 orans.
814 1665 884 1724 Post
897 1664 929 1723 id
943 1662 1020 1724 idem
1035 1663 1164 1724 dominus
1179 1661 1369 1738 Wolfgangns

196 1787 232 1830 cx
241 1773 335 1846 capite
343 1773 403 1845 xiiij
413 1772 604 1833 Ioannishaec
614 1768 703 1833 verba
716 1771 799 1843 legit:
819 1769 894 1842 »Qui
906 1769 994 1830 habet
1004 1768 1140 1830 mandata
1154 1785 1218 1829 mea
1230 1775 1260 1830 et
1273 1777 1370 1830 servat

197 1891 242 1952 ea,
258 1877 307 1936 ille
322 1882 375 1950 est,
392 1879 441 1950 qui
457 1877 550 1951 diligt
564 1893 624 1951 me,
641 1891 730 1949 usque
746 1874 784 1935 ad
797 1874 871 1934 hanc
886 1876 1049 1951 periodum:
1073 1875 1143 1935 Haee
1157 1876 1292 1947 loquutus
1306 1891 1369 1933 sum

196 1981 308 2056 vobis«,
326 1980 468 2043 disserens
484 1982 519 2041 de
535 1981 674 2056 dignitate
689 1979 963 2055 verborumcbristi,
981 1981 1017 2040 de
1033 1979 1369 2040 differentiadudaelsca·

196 2089 278 2148 riotis
293 2087 459 2147 mercatoris
475 2091 505 2146 et
518 2085 603 2146 Jndae
618 2085 736 2146 Thadaei
752 2087 864 2147 cordati
881 2082 1044 2146 confitentis
1058 2085 1196 2160 Domino,
1220 2087 1264 2146 rel
1279 2084 1367 2145 confi·

196 2199 259 2254 tens
273 2192 437 2253 Dominum.
471 2192 516 2252 De
531 2190 651 2267 simplici
665 2192 891 2265 interrogatione
906 2191 1002 2268 Iudae,
1019 2196 1049 2251 et
1064 2207 1100 2251 ne
1115 2207 1167 2251 nos
1183 2192 1327 2266 miremur,
1343 2193 1369 2252 si

195 2315 253 2359 non
277 2300 365 2358 semel
379 2303 466 2373 atque
486 2299 590 2358 iterum
605 2298 703 2358 audIto
724 2298 811 2358 verbo
832 2313 898 2357 mox
914 2296 1019 2358 Christi
1034 2303 1155 2358 mentem
1170 2312 1368 2372 assequamur,

195 2405 247 2464 sed
262 2405 386 2465 orationi
400 2405 553 2476 instemus,
578 2409 610 2464 ut
624 2403 764 2463 Dominus
781 2402 863 2464 nobis
884 2419 998 2463 sensum
1018 2405 1130 2477 aperiat
1151 2408 1180 2463 et
1194 2402 1368 2462 intellectum

195 2509 251 2570 det.
291 2511 364 2570 Item
383 2509 418 2568 de
440 2507 635 2581 inaequalitate
654 2508 758 2568 divinae
779 2515 808 2566 et
821 2507 953 2566 humanae
974 2508 1152 2568 conditi0nis.
1190 2509 1263 2568 Item
1283 2525 1369 2582 quam

194 2631 298 2690 magua
313 2616 350 2674 sIt
364 2614 514 2688 promissio
529 2613 600 2689 haec,
617 2613 695 2688 quod
706 2620 789 2689 pater
804 2620 833 2672 et
846 2615 907 2687 ipse
920 2618 1062 2673 amantem
1077 2614 1134 2672 sInt
1148 2613 1324 2673 reclamaturi
1338 2619 1369 2673 et

194 2721 368 2781 mansionem
382 2719 460 2794 apud
474 2719 549 2779 huno
573 2718 668 2780 iacere
688 2721 790 2792 uelint3
815 2720 883 2778 item
905 2717 981 2791 quod
996 2719 1025 2777 in
1041 2720 1094 2779 boc
1109 2734 1165 2778 unc
1185 2734 1254 2778 vera
1273 2721 1369 2778 unitas

194 2833 224 2887 et
238 2823 390 2886 concordia
404 2826 480 2884 inter
495 2825 587 2884 Deum
603 2831 632 2885 et
645 2825 788 2885 hominem
803 2824 955 2897 consistat,
971 2829 1005 2882 nt
1018 2822 1102 2882 homo
1116 2821 1174 2883 ride
1189 2824 1307 2884 verbum
1321 2840 1367 2884 re-

194 2931 283 3004 cipiat
299 2935 328 2988 et
343 2946 374 2988 se
389 2930 453 2990 Deo
468 2931 546 3004 patri
561 2935 590 2988 et
604 2927 663 2990 filio
679 2946 731 3003 per
746 2929 885 3003 Spiritum
901 2929 929 2989 S.
947 2928 1102 3003 regendum
1116 2931 1271 3003 permittat.
1296 2932 1369 2991 Item

194 3035 230 3094 de
246 3036 346 3093 innata
368 3033 476 3092 bomini
491 3035 639 3108 superbla,
664 3034 713 3106 qui
728 3035 752 3091 si
767 3034 813 3092 vel
833 3033 976 3092 tantillum
997 3035 1105 3093 honore
1120 3035 1167 3094 uel
1185 3035 1285 3110 opibus
1305 3037 1370 3095 aliIs

194 3138 352 3213 praecellat,
369 3154 427 3198 non
444 3142 538 3211 potest
553 3153 583 3196 se
599 3154 633 3197 eo
649 3137 809 3211 demIttere,
826 3143 857 3197 ut
872 3153 903 3197 se
918 3144 1060 3199 amantem
1075 3141 1120 3199 vel
1135 3139 1269 3214 pusillum
1283 3142 1368 3202 reda·

193 3246 252 3302 met
271 3248 301 3302 et
315 3258 373 3301 non
393 3248 571 3316 contemnat,
595 3243 661 3303 Und
682 3258 739 3302 was
760 3243 833 3304 doch
853 3243 905 3304 der
920 3261 972 3304 vor
987 3247 1032 3304 ein
1048 3260 1143 3305 armer
1157 3245 1294 3305 Mensche
1316 3247 1367 3322 sei,

193 3347 245 3406 der
267 3347 340 3420 den,
363 3364 420 3408 ron
434 3346 499 3406 dem
514 3346 565 3406 einr
580 3347 702 3422 geliebet
717 3349 788 3422 wilt,
806 3349 883 3408 nicht
897 3349 1004 3409 widder
1014 3350 1092 3410 liebt.
1116 3351 1189 3410 Item
1203 3349 1281 3424 quod
1288 3350 1369 3411 Deus

193 3469 252 3513 non
267 3461 452 3527 tyrannorum
467 3468 547 3513 more
570 3452 607 3513 ad
622 3469 653 3512 se
669 3453 860 3514 confitendum
876 3461 905 3514 et
921 3456 1074 3515 amandum
1088 3453 1167 3515 ferro
1190 3460 1220 3515 et
1234 3457 1263 3516 vi
1276 3457 1367 3516 homi-

195 3575 246 3621 nes
268 3559 379 3636 adigat,
404 3559 455 3619 sed
478 3574 563 3632 quam
586 3560 747 3634 benigniter
762 3576 829 3620 suos
843 3561 970 3620 alliciat:
998 3562 1070 3620 Item
1085 3577 1171 3635 quam
1192 3575 1290 3621 carum
1304 3560 1369 3620 Deo

192 3665 330 3740 templum
354 3666 392 3722 sit
412 3667 450 3738 is,
475 3665 525 3738 qui
545 3665 663 3726 verbum
684 3664 799 3724 Domini
820 3667 932 3726 sincera
950 3665 1008 3726 fide
1027 3667 1155 3740 recipIat.
1198 3666 1284 3726 Hunc
1306 3683 1369 3726 esse

193 3768 283 3828 aedem
298 3783 424 3842 auream,
439 3767 514 3826 hunc
530 3785 593 3828 asse
607 3785 675 3830 vere
691 3770 760 3830 illud
777 3771 922 3830 vasculum
940 3771 984 3848 (ut
993 3772 1079 3846 vulgo
1088 3769 1257 3846 loquuntur)
1273 3787 1369 3831 sacra·

191 3874 280 3932 menti
294 3874 547 3933 conservatorimn.
587 3875 694 3949 Magna
713 3877 788 3934 enlm
809 3881 839 3935 et
854 3877 979 3950 expolita
999 3876 1152 3952 phalerata
1166 3877 1301 3937 mundum
1317 3877 1367 3938 de·

192 3983 266 4038 cent.
290 3977 369 4038 Deus
384 3976 442 4037 fide
457 3985 487 4038 et
501 3978 587 4038 corde
602 3997 688 4054 puro,
706 3997 762 4040 non
777 3982 867 4041 multo
883 3982 1025 4041 exteriore
1040 3987 1142 4041 ornatu
1157 3982 1273 4056 gaudet.
1296 3982 1369 4041 Item

192 4083 270 4158 quod
284 4085 469 4158 magistratus
483 4085 540 4142 huc
553 4086 680 4144 intentus
700 4087 738 4145 sit
759 4091 789 4146 et
803 4085 967 4147 consideret
986 4087 1060 4147 hanc
1081 4103 1168 4147 nnarn
1189 4094 1218 4148 et
1233 4087 1369 4164 optimam

192 4202 256 4248 esse
271 4187 430 4248 concordia
445 4190 529 4264 mam,
546 4193 578 4248 ut
592 4191 710 4250 verbum
725 4191 841 4252 Domini
856 4194 966 4253 sincere
981 4192 1140 4268 praedicare
1154 4194 1280 4265 sinatnr3
1301 4208 1369 4252 nam

192 4294 234 4352 sic
249 4307 301 4351 nos
316 4295 477 4355 mansiones
492 4294 549 4354 Dei
561 4293 633 4354 fieri.
673 4296 718 4355 De
732 4297 787 4357 hoc
809 4303 905 4358 autem
926 4299 1012 4361 latins
1027 4299 1068 4357 sie
1089 4299 1267 4373 exigentibus
1282 4298 1369 4359 rebus

194 4397 283 4476 dixit,
308 4415 393 4474 quarn
414 4397 461 4458 bic
476 4399 583 4460 chartis
597 4399 696 4460 illinIri
716 4401 806 4474 possit
828 4409 881 4464 etc.
920 4405 993 4465 Item
1012 4403 1089 4477 qaod
1103 4402 1234 4479 Christus
1253 4403 1369 4481 dixerit,
