2940 4900
783 363 848 426 tte

308 541 344 603 D.
361 544 470 618 Vigliue
487 544 637 604 comitatus
653 535 792 602 Waldeck
813 547 878 602 octo
898 557 961 602 essc
985 542 1123 618 oppidula
1137 547 1167 602 et
1184 553 1254 614 quae·
1264 557 1297 600 ex
1309 535 1376 600 hisce

219 648 338 722 quisque
354 649 487 708 comitum
502 653 623 718 teneret,
638 649 727 706 novit.
765 647 959 720 Interrogavit
974 663 1088 721 quoque
1105 647 1260 719 Eubulum,
1276 647 1321 720 qui
1332 644 1375 703 ie·

217 759 264 810 ret
277 759 311 812 ut
325 753 408 811 modo
423 754 453 810 in
474 769 541 811 arce
556 751 696 810 Waldeck
715 752 966 811 commorationem
986 768 1067 810 suam
1088 768 1146 811 non
1161 753 1297 822 haberet,
1318 749 1376 807 item

219 858 349 930 quisnam
364 857 422 918 lrac
444 861 529 915 aetate
551 873 613 914 eam
635 857 784 914 comitatus
800 863 911 928 partem
931 857 1088 931 obtineret,
1112 874 1199 929 quam
1216 857 1284 914 olim
1297 867 1377 911 comm
1416 917 1419 924 ,

219 963 286 1022 Otto
303 963 434 1021 obtinuit.
457 961 525 1018 Non
540 961 656 1033 quidem
672 961 708 1019 de
722 960 814 1019 fratre
829 965 929 1019 nostro
945 977 1082 1034 germano
1096 963 1152 1037 piae
1167 960 1321 1032 memoriae,
1335 955 1377 1014 sed
1448 999 1449 1054 ζ

218 1068 254 1124 de
270 1082 304 1124 eo
320 1065 435 1137 ottone,
453 1065 546 1136 quiin
562 1063 768 1138 Wetterburga
782 1064 942 1138 habitabat,
958 1066 1144 1139 loquebatur,
1168 1067 1219 1139 qui
1234 1062 1377 1122 musculum

218 1169 356 1228 heredem
371 1186 429 1227 nou
443 1169 611 1242 reliquerat.
634 1169 674 1226 Et
689 1185 752 1227 cum
766 1169 976 1243 respondissem
991 1171 1148 1229 Waldeciae
1164 1171 1203 1230 ob
1219 1170 1380 1243 oppignora-

217 1279 262 1332 tos
282 1271 412 1332 redditus
435 1289 488 1346 par
507 1290 658 1332 novercam
686 1291 744 1332 non
765 1288 827 1331 csse
847 1257 958 1332 tantum
982 1281 1186 1349 proventuum,
1216 1289 1272 1346 quo
1287 1286 1377 1346 perpe·

217 1388 296 1438 tuam
311 1379 515 1437 habitationem
531 1379 595 1437 istic
609 1377 718 1438 habere
733 1394 855 1450 possem.
879 1378 924 1436 De
940 1379 1077 1438 derelicta
1091 1379 1264 1438 hereditate
1276 1375 1378 1436 Ottoois

217 1501 281 1542 curn
295 1485 381 1542 latius
396 1500 454 1542 non
469 1485 671 1556 interrogaret,
689 1479 793 1554 etipse
809 1483 924 1542 obticui.

305 1587 370 1646 lam
385 1589 473 1645 tertio
487 1604 535 1646 res
549 1589 706 1644 immutata.
744 1586 819 1644 Nam
835 1586 920 1645 Saldo
931 1589 992 1660 jam
1008 1595 1037 1647 et
1056 1590 1284 1662 recognitionem
1299 1590 1326 1644 et
1338 1598 1379 1640 ca·
1448 1559 1449 1620 i

217 1691 416 1766 pitulationem
432 1692 554 1750 describi
569 1705 671 1749 curare
686 1691 847 1763 injunctum
860 1696 913 1749 est.

305 1793 381 1852 Dum
395 1795 481 1852 modo
495 1794 558 1852 hacc
572 1791 657 1853 modo
672 1795 722 1852 illa
735 1794 818 1867 mihi,¹
838 1811 901 1867 quuae
917 1796 946 1852 in
962 1811 1098 1854 caesarem
1113 1795 1310 1866 commiserim,
1330 1791 1378 1848 imr
1448 1813 1449 1860 1

216 1902 401 1973 putarentur,
427 1899 543 1956 tandem
567 1904 630 1957 erat
652 1901 700 1971 qui
715 1917 751 1958 ex
765 1900 865 1957 aulicis
879 1900 1058 1974 magnatibus
1074 1902 1213 1959 muranum
1227 1900 1324 1974 plenus
1338 1892 1373 1952 el-

216 2002 325 2075 iutiret‚
343 1993 623 2074 disputationcm'nro
639 2004 783 2075 quondam
798 2020 863 2060 cum
877 2006 979 2062 comite
993 2005 1144 2064 Friderico
1160 2000 1375 2068 aFurstenberg

216 2104 390 2164 Ratisbonae
399 2107 429 2162 in
444 2105 586 2178 conoquio
601 2105 759 2177 habuissea
775 2122 838 2164 eam
863 2125 921 2167 non
936 2105 1079 2167 minimam
1094 2125 1173 2166 nunc
1185 2123 1250 2168 osse
1264 2108 1376 2180 partemr

217 2209 294 2282 quod
307 2211 410 2269 malam
426 2211 548 2283 gratiam
563 2210 744 2283 imperatoris
759 2210 919 2270 inciderim.
947 2213 1025 2285 *Hac
1039 2218 1134 2271 autem
1154 2209 1328 2271 concertatio
1341 2204 1376 2261 sio

216 2329 247 2372 se
261 2314 357 2374 habet.
397 2312 468 2373 (lum
492 2330 567 2372 anno
587 2311 743 2372 salutifera
763 2316 966 2389 redemptionis
992 2323 1100 2375 rosnae
1123 2297 1205 2375 1546
1221 2318 1303 2391 jussu
1315 2307 1377 2368 Pii

215 2419 287 2494 lippi
303 2418 449 2479 Cattorum
470 2419 606 2492 principis
631 2424 660 2477 et
679 2417 717 2476 ab
735 2419 845 2491 aliquot
867 2403 1014 2479 ordinibus
1030 2421 1143 2493 imperii
1158 2422 1198 2480 ad
1211 2415 1378 2491 colloquium

216 2526 253 2584 de
268 2524 472 2583 controversiis
492 2525 522 2581 in
543 2523 683 2596 religione
706 2539 752 2582 me
771 2523 862 2582 invito
878 2529 908 2582 et
921 2531 1102 2598 repugnante
1117 2527 1211 2584 animo
1228 2527 1259 2584 in
1274 2519 1375 2582 audto

215 2645 277 2688 rem
294 2629 452 2688 destinatus
468 2644 572 2712 assem,
594 2644 628 2686 aa
643 2627 710 2686 dum
728 2629 762 2686 in
778 2630 950 2687 mactatione
968 2645 1066 2686 rerum
1086 2631 1116 2688 in
1141 2629 1226 2689 domo
1243 2620 1375 2688 senatoria

216 2737 246 2794 in
260 2735 397 2808 penitiori
411 2735 614 2807 tybernorum,
630 2734 680 2792 ubi
693 2733 847 2792 Mauritius
863 2731 900 2790 ab
912 2733 1026 2791 ‘llutien
1042 2735 1194 2806 episcopus
1205 2731 1377 2792 Eiehstatan*

217 2841 256 2898 ris
272 2845 301 2898 ct
315 2839 479 2898 Fridericus
495 2854 588 2898 comes
603 2855 620 2896 a
634 2837 833 2910 Furstenbcrg
847 2835 977 2896 dominus
991 2839 1021 2896 in
1037 2838 1222 2912 Helgeuberg
1245 2841 1274 2898 et
1291 2828 1378 2892 landt-
1446 2862 1447 2880 r

216 2945 332 3016 grauius
345 2943 376 3000 i'u
390 2943 450 3000 Bar
464 2958 596 3000 caesareae
611 2943 774 3014 majestatis·
784 2943 899 3000 nomine
912 2943 1126 3018 prasedissent,
1148 2959 1182 3001 aa
1196 2940 1319 3003 verbalis
1332 2947 1375 2992 ΥΘ·

215 3045 309 3104 litatio
323 3047 400 3104 inter
416 3045 444 3102 d.
460 3045 618 3104 Martinam
631 3046 774 3108 Bucerum
789 3061 828 3104 ex
840 3048 946 3106 nostris
961 3046 1181 3106 collocutoribus
1197 3052 1225 3106 et
1242 3043 1375 3106 dominilnl

215 3147 333 3207 Petrum
349 3167 367 3208 a
380 3147 547 3224 Malianda,
560 3151 782 3222 antesignanum
793 3151 996 3222 papistioorum
1011 3153 1071 3209 sive
1081 3149 1126 3228 tut
1139 3152 1195 3224 ipsi
1209 3149 1307 3210 uocari
1320 3157 1376 3203 111³*

214 3251 326 3328 lebant)
342 3269 531 3313 caesareorum
546 3254 749 3313 collocutorum
764 3253 921 3328 incidisset,
936 3256 1040 3314 Petrus
1056 3271 1074 3313 a
1088 3255 1243 3314 Malianda
1259 3255 1300 3314 sic
1319 3246 1373 3306 fere

214 3359 294 3433 loqui
315 3375 435 3419 exorsus
455 3365 512 3418 ast:
544 3360 608 3435 Ego
629 3360 710 3419 vobis
734 3359 885 3434 perspicue
913 3365 946 3418 et
968 3358 1190 3418 euidentissimis
1208 3347 1377 3433 argumentis·

215 3472 341 3524 vestram
355 3462 450 3539 fidam,
467 3481 552 3538 quam
566 3479 617 3524 vos
633 3465 792 3539 somniatis,
809 3481 867 3522 uon
877 3463 979 3522 haberi
993 3465 1024 3522 in
1037 3465 1180 3538 scriptura
1191 3479 1245 3522 nec
1259 3466 1376 3534 uuqutssi
1444 3539 1445 3548 ἵ

216 3587 234 3628 a
248 3571 378 3644 patribus
393 3572 557 3644 cogitatam,
577 3564 707 3628 sedasse
722 3585 829 3628 ranam·
845 3571 1062 3645 persuasionem
1078 3585 1131 3628 nec
1147 3569 1260 3642 quidem
1276 3579 1335 3627 esse
1346 3559 1374 3616 iu
1444 3581 1445 3616 1

215 3687 312 3730 rerum
326 3678 445 3747 natura,
462 3671 673 3735 demonstrabo.
696 3674 750 3732 His
765 3675 948 3734 atrocissimis
962 3673 1146 3747 blasphemiis
1161 3674 1290 3734 Eubulus
1304 3679 1375 3727 com*

215 3777 309 3831 motus
325 3791 377 3831 nec
391 3776 518 3847 linguam
532 3795 585 3836 nec
599 3779 890 3838 animumcontinere
900 3779 1007 3852 potuit,
1024 3779 1075 3837 scd
1092 3779 1161 3853 »Si,
1176 3779 1276 3852 iuquit,
1298 3773 1374 3833 tanti)

215 3876 375 3960 principum
390 3882 420 3934 et
434 3883 560 3938 statuum
584 3886 747 3940 moedorum
767 3882 912 3956 impendio
935 3881 1032 3941 hicela
1047 3899 1105 3941 una
1121 3885 1307 3956 persuasione
1319 3870 1376 3946 iii*

214 3986 272 4052 tur,
288 3981 363 4041 male
377 3979 521 4040 adsumus.
544 3983 669 4042 Acmox
682 3985 721 4043 ad
734 3985 913 4047 Fridericum
936 3988 1079 4060 comitem,
1103 4003 1186 4059 quem
1201 3987 1257 4048 sibi
1271 3983 1334 4057 quia
1347 3977 1374 4032 ei

214 4086 277 4161 ipse
292 4103 384 4146 mures
400 4089 477 4148 esset
491 4085 528 4145 ad
547 4086 608 4145 hoc·
617 4086 793 4164 Germanus,
815 4092 861 4150 aui
874 4107 928 4150 res
938 4090 1098 4150 Germania
1118 4091 1183 4166 plus
1198 4087 1333 4164 episcopis
1346 4079 1371 4137 ei

117 4239 120 4246 .
216 4191 320 4248 arteris
333 4188 494 4250 hominibus
510 4191 589 4249 cordi
604 4207 667 4250 asse
683 4191 763 4266 (licet
776 4193 807 4251 in
825 4194 881 4252 hoc
892 4194 985 4254 falsus
1000 4193 1199 4270 sitbputabat,
1224 4195 1374 4254 sermonem

216 4299 397 4368 convertens,
421 4312 456 4356 eo
479 4297 557 4371 quod
578 4297 653 4357 idem
667 4297 832 4357 Fridericus
848 4315 907 4357 uon
923 4315 958 4358 ex
974 4301 1051 4358 omni
1065 4305 1150 4372 parte
1165 4301 1270 4373 liuguae
1284 4293 1369 4357 mama
1442 4327 1443 4336 =

215 4412 322 4468 gnarus
337 4399 485 4472 existeret,
507 4403 668 4473 germanice
688 4403 856 4464 couveniens
877 4403 930 4462 ait:
956 4403 1108 4478 Schwager
1122 4404 1202 4464 cnud
1215 4404 1284 4464 herr
1299 4387 1377 4460 Graii
