<?xml version="1.0" encoding="UTF-8"?>
<!DOCTYPE html PUBLIC "-//W3C//DTD XHTML 1.0 Transitional//EN"
    "http://www.w3.org/TR/xhtml1/DTD/xhtml1-transitional.dtd">
<html xmlns="http://www.w3.org/1999/xhtml" xml:lang="en" lang="en">
 <head>
  <title>
</title>
<meta http-equiv="Content-Type" content="text/html;charset=utf-8" />
  <meta name='ocr-system' content='tesseract 3.04.00' />
  <meta name='ocr-capabilities' content='ocr_page ocr_carea ocr_par ocr_line ocrx_word'/>
</head>
<body>
  <div class='ocr_page' id='page_1' title='image "./desgrafenwolrad01trosgoog_0194.png"; bbox 0 0 2940 4900; ppageno 0'>
   <div class='ocr_carea' id='block_1_1' title="bbox 657 342 719 410">
    <p class='ocr_par' dir='ltr' id='par_1_1' title="bbox 657 342 719 410">
     <span class='ocr_line' id='line_1_1' title="bbox 657 342 719 410; baseline 0.016 -2"><span class='ocrx_word' id='word_1_1' title='bbox 657 342 719 410; x_wconf 80' lang='grc'><strong>177</strong></span> 
     </span>
    </p>
   </div>
   <div class='ocr_carea' id='block_1_2' title="bbox 91 517 1274 2062">
    <p class='ocr_par' dir='ltr' id='par_1_2' title="bbox 91 517 1274 917">
     <span class='ocr_line' id='line_1_2' title="bbox 188 517 1274 599; baseline 0.009 -17"><span class='ocrx_word' id='word_1_2' title='bbox 188 517 323 584; x_wconf 86' lang='lat' dir='ltr'><strong>libarius</strong></span> <span class='ocrx_word' id='word_1_3' title='bbox 339 525 574 599; x_wconf 76' lang='lat' dir='ltr'><strong>capitulationem</strong></span> <span class='ocrx_word' id='word_1_4' title='bbox 586 526 646 598; x_wconf 90' lang='lat' dir='ltr'><strong>jam</strong></span> <span class='ocrx_word' id='word_1_5' title='bbox 660 526 755 584; x_wconf 86' lang='lat' dir='ltr'><strong>tertio</strong></span> <span class='ocrx_word' id='word_1_6' title='bbox 764 527 923 599; x_wconf 74' lang='lat' dir='ltr'><strong>reportavit</strong></span> <span class='ocrx_word' id='word_1_7' title='bbox 943 534 973 588; x_wconf 89' lang='lat' dir='ltr'><strong>et</strong></span> <span class='ocrx_word' id='word_1_8' title='bbox 988 529 1059 588; x_wconf 91' lang='lat' dir='ltr'><strong>nihil</strong></span> <span class='ocrx_word' id='word_1_9' title='bbox 1074 531 1104 590; x_wconf 92' lang='lat' dir='ltr'><strong>in</strong></span> <span class='ocrx_word' id='word_1_10' title='bbox 1119 545 1154 592; x_wconf 90' lang='lat' dir='ltr'><strong>ea</strong></span> <span class='ocrx_word' id='word_1_11' title='bbox 1168 529 1274 594; x_wconf 88' lang='lat' dir='ltr'><strong>mutari</strong></span> 
     </span>
     <span class='ocr_line' id='line_1_3' title="bbox 91 629 1274 705; baseline 0.01 -19"><span class='ocrx_word' id='word_1_12' title='bbox 91 630 177 702; x_wconf 86' lang='lat' dir='ltr'><strong>passi</strong></span> <span class='ocrx_word' id='word_1_13' title='bbox 188 637 265 689; x_wconf 89' lang='lat' dir='ltr'><strong>sunt.</strong></span> <span class='ocrx_word' id='word_1_14' title='bbox 289 629 442 690; x_wconf 71' lang='grc' dir='ltr'><strong>ιΙιιιιιιιιιι</strong></span> <span class='ocrx_word' id='word_1_15' title='bbox 453 647 523 690; x_wconf 81' lang='lat' dir='ltr'><strong>uero</strong></span> <span class='ocrx_word' id='word_1_16' title='bbox 532 631 643 704; x_wconf 87' lang='lat' dir='ltr'><strong>Viglius</strong></span> <span class='ocrx_word' id='word_1_17' title='bbox 659 638 688 691; x_wconf 91' lang='lat' dir='ltr'><strong>et</strong></span> <span class='ocrx_word' id='word_1_18' title='bbox 698 630 810 705; x_wconf 85' lang='lat' dir='ltr'><strong>Seldns,</strong></span> <span class='ocrx_word' id='word_1_19' title='bbox 825 638 857 691; x_wconf 94' lang='lat' dir='ltr'><strong>ut</strong></span> <span class='ocrx_word' id='word_1_20' title='bbox 867 647 929 690; x_wconf 89' lang='lat' dir='ltr'><strong>eam</strong></span> <span class='ocrx_word' id='word_1_21' title='bbox 945 635 983 695; x_wconf 89' lang='lat' dir='ltr'><strong>ad</strong></span> <span class='ocrx_word' id='word_1_22' title='bbox 998 635 1134 696; x_wconf 91' lang='lat' dir='ltr'><strong>mundum</strong></span> <span class='ocrx_word' id='word_1_23' title='bbox 1149 637 1274 698; x_wconf 82' lang='lat' dir='ltr'><strong>describi</strong></span> 
     </span>
     <span class='ocr_line' id='line_1_4' title="bbox 92 734 1272 816; baseline 0.007 -25"><span class='ocrx_word' id='word_1_24' title='bbox 92 748 241 793; x_wconf 78' lang='lat' dir='ltr'><strong>curarem.</strong></span> <span class='ocrx_word' id='word_1_25' title='bbox 265 735 395 808; x_wconf 79' lang='lat' dir='ltr'><strong>Rogatus</strong></span> <span class='ocrx_word' id='word_1_26' title='bbox 411 741 455 794; x_wconf 88' lang='lat' dir='ltr'><strong>est</strong></span> <span class='ocrx_word' id='word_1_27' title='bbox 469 736 557 809; x_wconf 92' lang='lat' dir='ltr'><strong>igitur</strong></span> <span class='ocrx_word' id='word_1_28' title='bbox 571 734 705 810; x_wconf 86' lang='lat' dir='ltr'><strong>Lindius,</strong></span> <span class='ocrx_word' id='word_1_29' title='bbox 727 737 776 809; x_wconf 90' lang='lat' dir='ltr'><strong>qui</strong></span> <span class='ocrx_word' id='word_1_30' title='bbox 791 753 854 795; x_wconf 87' lang='lat' dir='ltr'><strong>eam</strong></span> <span class='ocrx_word' id='word_1_31' title='bbox 873 739 904 796; x_wconf 90' lang='lat' dir='ltr'><strong>in</strong></span> <span class='ocrx_word' id='word_1_32' title='bbox 926 739 1097 798; x_wconf 78' lang='lat' dir='ltr'><strong>membranis</strong></span> <span class='ocrx_word' id='word_1_33' title='bbox 1112 741 1272 816; x_wconf 82' lang='lat' dir='ltr'><strong>descripsit,</strong></span> 
     </span>
     <span class='ocr_line' id='line_1_5' title="bbox 91 839 1093 917; baseline 0.008 -21"><span class='ocrx_word' id='word_1_34' title='bbox 91 843 123 898; x_wconf 90' lang='lat' dir='ltr'><strong>et</strong></span> <span class='ocrx_word' id='word_1_35' title='bbox 137 855 179 897; x_wconf 89' lang='lat' dir='ltr'><strong>ne</strong></span> <span class='ocrx_word' id='word_1_36' title='bbox 195 840 286 912; x_wconf 89' lang='lat' dir='ltr'><strong>gratis</strong></span> <span class='ocrx_word' id='word_1_37' title='bbox 300 839 419 911; x_wconf 91' lang='lat' dir='ltr'><strong>punirer</strong></span> <span class='ocrx_word' id='word_1_38' title='bbox 433 839 476 896; x_wconf 93' lang='lat' dir='ltr'><strong>illi</strong></span> <span class='ocrx_word' id='word_1_39' title='bbox 490 839 633 898; x_wconf 89' lang='lat' dir='ltr'><strong>thalerum</strong></span> <span class='ocrx_word' id='word_1_40' title='bbox 649 839 715 899; x_wconf 92' lang='lat' dir='ltr'><strong>dedi</strong></span> <span class='ocrx_word' id='word_1_41' title='bbox 729 842 792 913; x_wconf 92' lang='lat' dir='ltr'><strong>ipso</strong></span> <span class='ocrx_word' id='word_1_42' title='bbox 807 845 903 901; x_wconf 88' lang='lat' dir='ltr'><strong>tamen</strong></span> <span class='ocrx_word' id='word_1_43' title='bbox 917 842 1093 917; x_wconf 90' lang='lat' dir='ltr'><strong>refragante.</strong></span> 
     </span>
    </p>

    <p class='ocr_par' dir='ltr' id='par_1_3' title="bbox 92 943 1274 1450">
     <span class='ocr_line' id='line_1_6' title="bbox 187 943 1274 1022; baseline 0.007 -21"><span class='ocrx_word' id='word_1_44' title='bbox 187 944 274 1002; x_wconf 83' lang='lat' dir='ltr'><strong>Anno</strong></span> <span class='ocrx_word' id='word_1_45' title='bbox 291 945 390 1017; x_wconf 88' lang='lat' dir='ltr'><strong>elapso</strong></span> <span class='ocrx_word' id='word_1_46' title='bbox 407 943 630 1018; x_wconf 78' lang='lat' dir='ltr'><strong>christophorus</strong></span> <span class='ocrx_word' id='word_1_47' title='bbox 645 960 738 1003; x_wconf 90' lang='lat' dir='ltr'><strong>comes</strong></span> <span class='ocrx_word' id='word_1_48' title='bbox 752 945 790 1004; x_wconf 91' lang='lat' dir='ltr'><strong>ab</strong></span> <span class='ocrx_word' id='word_1_49' title='bbox 804 944 965 1021; x_wconf 87' lang='lat' dir='ltr'><strong>Altenburg</strong></span> <span class='ocrx_word' id='word_1_50' title='bbox 979 953 1009 1006; x_wconf 92' lang='lat' dir='ltr'><strong>et</strong></span> <span class='ocrx_word' id='word_1_51' title='bbox 1022 947 1100 1008; x_wconf 90' lang='lat' dir='ltr'><strong>Dido</strong></span> <span class='ocrx_word' id='word_1_52' title='bbox 1114 947 1151 1007; x_wconf 88' lang='lat' dir='ltr'><strong>ab</strong></span> <span class='ocrx_word' id='word_1_53' title='bbox 1165 949 1274 1022; x_wconf 88' lang='lat' dir='ltr'><strong>Knicp-</strong></span> 
     </span>
     <span class='ocr_line' id='line_1_7' title="bbox 92 1047 1272 1126; baseline 0.003 -18"><span class='ocrx_word' id='word_1_54' title='bbox 92 1048 211 1108; x_wconf 87' lang='lat' dir='ltr'><strong>hausen</strong></span> <span class='ocrx_word' id='word_1_55' title='bbox 227 1051 258 1106; x_wconf 92' lang='lat' dir='ltr'><strong>in</strong></span> <span class='ocrx_word' id='word_1_56' title='bbox 272 1061 356 1108; x_wconf 89' lang='lat' dir='ltr'><strong>usum</strong></span> <span class='ocrx_word' id='word_1_57' title='bbox 370 1047 512 1107; x_wconf 87' lang='lat' dir='ltr'><strong>Friderici</strong></span> <span class='ocrx_word' id='word_1_58' title='bbox 533 1049 642 1107; x_wconf 87' lang='lat' dir='ltr'><strong>comitis</strong></span> <span class='ocrx_word' id='word_1_59' title='bbox 657 1048 782 1107; x_wconf 75' lang='lat' dir='ltr'><strong>Palatini</strong></span> <span class='ocrx_word' id='word_1_60' title='bbox 803 1048 899 1108; x_wconf 86' lang='lat' dir='ltr'><strong>decem</strong></span> <span class='ocrx_word' id='word_1_61' title='bbox 919 1051 998 1110; x_wconf 92' lang='lat' dir='ltr'><strong>milla</strong></span> <span class='ocrx_word' id='word_1_62' title='bbox 1016 1051 1146 1126; x_wconf 90' lang='lat' dir='ltr'><strong>peditum</strong></span> <span class='ocrx_word' id='word_1_63' title='bbox 1165 1054 1272 1126; x_wconf 86' lang='lat' dir='ltr'><strong>stipen-</strong></span> 
     </span>
     <span class='ocr_line' id='line_1_8' title="bbox 92 1151 1274 1228; baseline 0.006 -18"><span class='ocrx_word' id='word_1_64' title='bbox 92 1151 151 1210; x_wconf 88' lang='lat' dir='ltr'><strong>diis</strong></span> <span class='ocrx_word' id='word_1_65' title='bbox 167 1152 375 1213; x_wconf 84' lang='lat' dir='ltr'><strong>conduxerant.</strong></span> <span class='ocrx_word' id='word_1_66' title='bbox 409 1151 468 1211; x_wconf 86' lang='lat' dir='ltr'><strong>Sed</strong></span> <span class='ocrx_word' id='word_1_67' title='bbox 482 1167 571 1226; x_wconf 87' lang='lat' dir='ltr'><strong>opera</strong></span> <span class='ocrx_word' id='word_1_68' title='bbox 586 1151 733 1212; x_wconf 77' lang='lat' dir='ltr'><strong>catarum</strong></span> <span class='ocrx_word' id='word_1_69' title='bbox 747 1155 886 1228; x_wconf 92' lang='lat' dir='ltr'><strong>principis</strong></span> <span class='ocrx_word' id='word_1_70' title='bbox 900 1153 947 1212; x_wconf 90' lang='lat' dir='ltr'><strong>bic</strong></span> <span class='ocrx_word' id='word_1_71' title='bbox 962 1158 1104 1216; x_wconf 83' lang='lat' dir='ltr'><strong>exercitus</strong></span> <span class='ocrx_word' id='word_1_72' title='bbox 1119 1157 1274 1217; x_wconf 73' lang='lat' dir='ltr'><strong>dismactus</strong></span> 
     </span>
     <span class='ocr_line' id='line_1_9' title="bbox 93 1255 1273 1334; baseline 0.004 -20"><span class='ocrx_word' id='word_1_73' title='bbox 93 1263 149 1330; x_wconf 76' lang='lat' dir='ltr'><strong>est,</strong></span> <span class='ocrx_word' id='word_1_74' title='bbox 168 1257 213 1314; x_wconf 87' lang='lat' dir='ltr'><strong>ita</strong></span> <span class='ocrx_word' id='word_1_75' title='bbox 227 1262 260 1314; x_wconf 96' lang='grc' dir='ltr'><strong>ιιι</strong></span> <span class='ocrx_word' id='word_1_76' title='bbox 274 1257 408 1316; x_wconf 84' lang='lat' dir='ltr'><strong>liburias</strong></span> <span class='ocrx_word' id='word_1_77' title='bbox 423 1255 613 1316; x_wconf 88' lang='lat' dir='ltr'><strong>Monichusen</strong></span> <span class='ocrx_word' id='word_1_78' title='bbox 636 1257 738 1316; x_wconf 75' lang='lat' dir='ltr'><strong>caesari</strong></span> <span class='ocrx_word' id='word_1_79' title='bbox 758 1263 788 1317; x_wconf 93' lang='grc' dir='ltr'><strong>ιι</strong></span> <span class='ocrx_word' id='word_1_80' title='bbox 802 1258 950 1317; x_wconf 83' lang='lat' dir='ltr'><strong>Friderico</strong></span> <span class='ocrx_word' id='word_1_81' title='bbox 971 1257 1195 1334; x_wconf 72' lang='lat' dir='ltr'><strong>christophorus</strong></span> <span class='ocrx_word' id='word_1_82' title='bbox 1210 1277 1273 1318; x_wconf 92' lang='lat' dir='ltr'><strong>cum</strong></span> 
     </span>
     <span class='ocr_line' id='line_1_10' title="bbox 92 1361 714 1450; baseline -0.002 -31"><span class='ocrx_word' id='word_1_83' title='bbox 92 1362 155 1420; x_wconf 85' lang='lat' dir='ltr'><strong>suls</strong></span> <span class='ocrx_word' id='word_1_84' title='bbox 170 1361 373 1434; x_wconf 87' lang='lat' dir='ltr'><strong>supplemento</strong></span> <span class='ocrx_word' id='word_1_85' title='bbox 388 1361 529 1420; x_wconf 86' lang='lat' dir='ltr'><strong>exercitus</strong></span> <span class='ocrx_word' id='word_1_86' title='bbox 546 1365 651 1420; x_wconf 88' lang='lat' dir='ltr'><strong>essent.</strong></span> <span class='ocrx_word' id='word_1_87' title='bbox 712 1437 714 1450; x_wconf 32' lang='grc' dir='ltr'>Ι</span> 
     </span>
    </p>

    <p class='ocr_par' dir='ltr' id='par_1_4' title="bbox 187 1463 879 1538">
     <span class='ocr_line' id='line_1_11' title="bbox 187 1463 879 1538; baseline 0 -14"><span class='ocrx_word' id='word_1_88' title='bbox 187 1465 267 1524; x_wconf 84' lang='lat' dir='ltr'><strong>Nota</strong></span> <span class='ocrx_word' id='word_1_89' title='bbox 281 1464 317 1524; x_wconf 91' lang='lat' dir='ltr'><strong>de</strong></span> <span class='ocrx_word' id='word_1_90' title='bbox 331 1465 437 1523; x_wconf 92' lang='lat' dir='ltr'><strong>litteris</strong></span> <span class='ocrx_word' id='word_1_91' title='bbox 449 1481 488 1538; x_wconf 87' lang='lat' dir='ltr'><strong>up</strong></span> <span class='ocrx_word' id='word_1_92' title='bbox 503 1463 556 1523; x_wconf 90' lang='lat' dir='ltr'><strong>der</strong></span> <span class='ocrx_word' id='word_1_93' title='bbox 569 1465 699 1524; x_wconf 89' lang='lat' dir='ltr'><strong>Vheindc</strong></span> <span class='ocrx_word' id='word_1_94' title='bbox 714 1465 809 1525; x_wconf 88' lang='lat' dir='ltr'><strong>Landt</strong></span> <span class='ocrx_word' id='word_1_95' title='bbox 825 1472 879 1525; x_wconf 89' lang='lat' dir='ltr'><strong>etc.</strong></span> 
     </span>
    </p>

    <p class='ocr_par' dir='ltr' id='par_1_5' title="bbox 188 1566 1033 1642">
     <span class='ocr_line' id='line_1_12' title="bbox 188 1566 1033 1642; baseline 0.002 -15"><span class='ocrx_word' id='word_1_96' title='bbox 188 1570 235 1628; x_wconf 86' lang='lat' dir='ltr'><strong>Dc</strong></span> <span class='ocrx_word' id='word_1_97' title='bbox 249 1569 480 1642; x_wconf 83' lang='lat' dir='ltr'><strong>prosternatione</strong></span> <span class='ocrx_word' id='word_1_98' title='bbox 495 1575 562 1628; x_wconf 90' lang='lat' dir='ltr'><strong>ante</strong></span> <span class='ocrx_word' id='word_1_99' title='bbox 577 1585 713 1628; x_wconf 82' lang='lat' dir='ltr'><strong>caesarem</strong></span> <span class='ocrx_word' id='word_1_100' title='bbox 728 1569 820 1630; x_wconf 87' lang='lat' dir='ltr'><strong>adhuc</strong></span> <span class='ocrx_word' id='word_1_101' title='bbox 835 1572 865 1628; x_wconf 93' lang='lat' dir='ltr'><strong>in</strong></span> <span class='ocrx_word' id='word_1_102' title='bbox 880 1566 965 1630; x_wconf 88' lang='lat' dir='ltr'><strong>dnbio</strong></span> <span class='ocrx_word' id='word_1_103' title='bbox 980 1573 1033 1629; x_wconf 91' lang='lat' dir='ltr'><strong>est.</strong></span> 
     </span>
    </p>

    <p class='ocr_par' dir='ltr' id='par_1_6' title="bbox 95 1652 1273 2062">
     <span class='ocr_line' id='line_1_13' title="bbox 188 1652 1270 1750; baseline 0.004 -19"><span class='ocrx_word' id='word_1_104' title='bbox 188 1675 238 1731; x_wconf 86' lang='lat' dir='ltr'><strong>xix</strong></span> <span class='ocrx_word' id='word_1_105' title='bbox 252 1674 348 1747; x_wconf 86' lang='lat' dir='ltr'><strong>Junii,</strong></span> <span class='ocrx_word' id='word_1_106' title='bbox 375 1652 440 1746; x_wconf 70' lang='lat' dir='ltr'><strong>quar</strong></span> <span class='ocrx_word' id='word_1_107' title='bbox 456 1677 500 1732; x_wconf 89' lang='lat' dir='ltr'><strong>est</strong></span> <span class='ocrx_word' id='word_1_108' title='bbox 516 1673 577 1734; x_wconf 86' lang='lat' dir='ltr'><strong>dies</strong></span> <span class='ocrx_word' id='word_1_109' title='bbox 592 1672 800 1734; x_wconf 77' lang='lat' dir='ltr'><strong>audiendarum</strong></span> <span class='ocrx_word' id='word_1_110' title='bbox 825 1673 870 1750; x_wconf 90' lang='grc' dir='ltr'>(ιιι</span> <span class='ocrx_word' id='word_1_111' title='bbox 884 1671 1000 1749; x_wconf 85' lang='lat' dir='ltr'><strong>vocant)</strong></span> <span class='ocrx_word' id='word_1_112' title='bbox 1015 1675 1046 1735; x_wconf 90' lang='lat' dir='ltr'><strong>in</strong></span> <span class='ocrx_word' id='word_1_113' title='bbox 1060 1680 1156 1736; x_wconf 89' lang='lat' dir='ltr'><strong>castro</strong></span> <span class='ocrx_word' id='word_1_114' title='bbox 1171 1669 1270 1735; x_wconf 84' lang='lat' dir='ltr'><strong>Wald·</strong></span> 
     </span>
     <span class='ocr_line' id='line_1_14' title="bbox 95 1776 1273 1853; baseline 0.004 -18"><span class='ocrx_word' id='word_1_115' title='bbox 95 1777 160 1836; x_wconf 86' lang='lat' dir='ltr'><strong>eck.</strong></span> <span class='ocrx_word' id='word_1_116' title='bbox 200 1777 288 1836; x_wconf 83' lang='lat' dir='ltr'><strong>Faxit</strong></span> <span class='ocrx_word' id='word_1_117' title='bbox 310 1777 434 1836; x_wconf 87' lang='lat' dir='ltr'><strong>densat</strong></span> <span class='ocrx_word' id='word_1_118' title='bbox 456 1794 525 1836; x_wconf 89' lang='lat' dir='ltr'><strong>suus</strong></span> <span class='ocrx_word' id='word_1_119' title='bbox 546 1777 637 1838; x_wconf 92' lang='lat' dir='ltr'><strong>honos</strong></span> <span class='ocrx_word' id='word_1_120' title='bbox 658 1776 764 1837; x_wconf 89' lang='lat' dir='ltr'><strong>ibidem</strong></span> <span class='ocrx_word' id='word_1_121' title='bbox 779 1784 935 1851; x_wconf 75' lang='lat' dir='ltr'><strong>queratur.</strong></span> <span class='ocrx_word' id='word_1_122' title='bbox 958 1779 1067 1839; x_wconf 87' lang='lat' dir='ltr'><strong>Eadem</strong></span> <span class='ocrx_word' id='word_1_123' title='bbox 1083 1780 1181 1853; x_wconf 88' lang='lat' dir='ltr'><strong>inquio</strong></span> <span class='ocrx_word' id='word_1_124' title='bbox 1196 1779 1273 1840; x_wconf 86' lang='lat' dir='ltr'><strong>infra</strong></span> 
     </span>
     <span class='ocr_line' id='line_1_15' title="bbox 95 1880 1271 1958; baseline 0.003 -18"><span class='ocrx_word' id='word_1_125' title='bbox 95 1887 211 1941; x_wconf 71' lang='lat' dir='ltr'><strong>sermm</strong></span> <span class='ocrx_word' id='word_1_126' title='bbox 233 1887 263 1941; x_wconf 91' lang='lat' dir='ltr'><strong>et</strong></span> <span class='ocrx_word' id='word_1_127' title='bbox 286 1884 434 1955; x_wconf 88' lang='lat' dir='ltr'><strong>septimam</strong></span> <span class='ocrx_word' id='word_1_128' title='bbox 455 1882 541 1941; x_wconf 89' lang='lat' dir='ltr'><strong>horas</strong></span> <span class='ocrx_word' id='word_1_129' title='bbox 556 1880 755 1956; x_wconf 81' lang='lat' dir='ltr'><strong>Wolllgangus</strong></span> <span class='ocrx_word' id='word_1_130' title='bbox 776 1884 923 1942; x_wconf 81' lang='lat' dir='ltr'><strong>Masculus</strong></span> <span class='ocrx_word' id='word_1_131' title='bbox 943 1899 979 1942; x_wconf 85' lang='lat' dir='ltr'><strong>ex</strong></span> <span class='ocrx_word' id='word_1_132' title='bbox 1000 1900 1061 1958; x_wconf 89' lang='lat' dir='ltr'><strong>cap.</strong></span> <span class='ocrx_word' id='word_1_133' title='bbox 1088 1884 1128 1942; x_wconf 82' lang='lat'><strong>15</strong></span> <span class='ocrx_word' id='word_1_134' title='bbox 1151 1883 1271 1944; x_wconf 87' lang='lat' dir='ltr'><strong>Joannis</strong></span> 
     </span>
     <span class='ocr_line' id='line_1_16' title="bbox 95 1984 1269 2062; baseline 0.002 -18"><span class='ocrx_word' id='word_1_135' title='bbox 95 1985 283 2060; x_wconf 81' lang='lat' dir='ltr'><strong>euangelistae</strong></span> <span class='ocrx_word' id='word_1_136' title='bbox 298 1986 359 2045; x_wconf 88' lang='lat' dir='ltr'><strong>baec</strong></span> <span class='ocrx_word' id='word_1_137' title='bbox 374 1984 465 2044; x_wconf 83' lang='lat' dir='ltr'><strong>verba</strong></span> <span class='ocrx_word' id='word_1_138' title='bbox 478 1985 627 2044; x_wconf 84' lang='lat' dir='ltr'><strong>recitavit:</strong></span> <span class='ocrx_word' id='word_1_139' title='bbox 654 1987 733 2046; x_wconf 78' lang='lat' dir='ltr'><strong>»Sed</strong></span> <span class='ocrx_word' id='word_1_140' title='bbox 746 1987 808 2046; x_wconf 88' lang='lat' dir='ltr'><strong>baec</strong></span> <span class='ocrx_word' id='word_1_141' title='bbox 823 1989 918 2047; x_wconf 90' lang='lat' dir='ltr'><strong>omnia</strong></span> <span class='ocrx_word' id='word_1_142' title='bbox 931 1985 1038 2047; x_wconf 82' lang='lat' dir='ltr'><strong>facient</strong></span> <span class='ocrx_word' id='word_1_143' title='bbox 1052 1988 1132 2048; x_wconf 86' lang='lat' dir='ltr'><strong>vobis</strong></span> <span class='ocrx_word' id='word_1_144' title='bbox 1147 1994 1269 2062; x_wconf 89' lang='lat' dir='ltr'><strong>propter</strong></span> 
     </span>
    </p>
   </div>
   <div class='ocr_carea' id='block_1_3' title="bbox 6 2083 1271 2166">
    <p class='ocr_par' dir='ltr' id='par_1_7' title="bbox 6 2083 1271 2166">
     <span class='ocr_line' id='line_1_17' title="bbox 6 2083 1271 2166; baseline 0.002 -16"><span class='ocrx_word' id='word_1_145' title='bbox 6 2083 8 2100; x_wconf 58' lang='lat'><em>¹</em></span> <span class='ocrx_word' id='word_1_146' title='bbox 95 2107 202 2152; x_wconf 91' lang='lat' dir='ltr'><strong>nomen</strong></span> <span class='ocrx_word' id='word_1_147' title='bbox 217 2107 320 2164; x_wconf 87' lang='lat' dir='ltr'><strong>meum,</strong></span> <span class='ocrx_word' id='word_1_148' title='bbox 338 2091 406 2162; x_wconf 87' lang='lat' dir='ltr'><strong>quia</strong></span> <span class='ocrx_word' id='word_1_149' title='bbox 420 2106 479 2148; x_wconf 90' lang='lat' dir='ltr'><strong>non</strong></span> <span class='ocrx_word' id='word_1_150' title='bbox 488 2095 631 2149; x_wconf 89' lang='lat' dir='ltr'><strong>noverunt</strong></span> <span class='ocrx_word' id='word_1_151' title='bbox 646 2107 719 2164; x_wconf 89' lang='lat' dir='ltr'><strong>eum,</strong></span> <span class='ocrx_word' id='word_1_152' title='bbox 735 2093 785 2165; x_wconf 89' lang='lat' dir='ltr'><strong>qui</strong></span> <span class='ocrx_word' id='word_1_153' title='bbox 799 2093 875 2151; x_wconf 87' lang='lat' dir='ltr'><strong>misit</strong></span> <span class='ocrx_word' id='word_1_154' title='bbox 890 2109 955 2151; x_wconf 82' lang='lat' dir='ltr'><strong>me«</strong></span> <span class='ocrx_word' id='word_1_155' title='bbox 967 2099 1021 2151; x_wconf 92' lang='lat' dir='ltr'><strong>etc.</strong></span> <span class='ocrx_word' id='word_1_156' title='bbox 1043 2093 1099 2151; x_wconf 92' lang='lat' dir='ltr'><strong>Hic</strong></span> <span class='ocrx_word' id='word_1_157' title='bbox 1114 2090 1186 2152; x_wconf 85' lang='lat' dir='ltr'><strong>dixit</strong></span> <span class='ocrx_word' id='word_1_158' title='bbox 1200 2109 1271 2166; x_wconf 90' lang='lat' dir='ltr'><strong>quo·</strong></span> 
     </span>
    </p>
   </div>
   <div class='ocr_carea' id='block_1_4' title="bbox 6 2185 1269 2269">
    <p class='ocr_par' dir='ltr' id='par_1_8' title="bbox 6 2185 1269 2288">
     <span class='ocr_line' id='line_1_18' title="bbox 6 2185 1269 2269; baseline 0.002 -17"><span class='ocrx_word' id='word_1_159' title='bbox 6 2185 8 2202; x_wconf 57' lang='lat'><em>¹</em></span> <span class='ocrx_word' id='word_1_160' title='bbox 95 2195 183 2255; x_wconf 91' lang='lat' dir='ltr'><strong>modo</strong></span> <span class='ocrx_word' id='word_1_161' title='bbox 198 2196 329 2254; x_wconf 91' lang='lat' dir='ltr'><strong>dominns</strong></span> <span class='ocrx_word' id='word_1_162' title='bbox 344 2210 411 2253; x_wconf 90' lang='lat' dir='ltr'><strong>suos</strong></span> <span class='ocrx_word' id='word_1_163' title='bbox 427 2194 465 2252; x_wconf 89' lang='lat' dir='ltr'><strong>ad</strong></span> <span class='ocrx_word' id='word_1_164' title='bbox 479 2195 632 2253; x_wconf 87' lang='lat' dir='ltr'><strong>instantem</strong></span> <span class='ocrx_word' id='word_1_165' title='bbox 647 2196 873 2269; x_wconf 86' lang='lat' dir='ltr'><strong>persecutionem</strong></span> <span class='ocrx_word' id='word_1_166' title='bbox 889 2197 1054 2256; x_wconf 89' lang='lat' dir='ltr'><strong>cohortatus</strong></span> <span class='ocrx_word' id='word_1_167' title='bbox 1069 2197 1107 2254; x_wconf 91' lang='lat' dir='ltr'><strong>sit</strong></span> <span class='ocrx_word' id='word_1_168' title='bbox 1121 2199 1151 2254; x_wconf 90' lang='grc' dir='ltr'><strong>ιι</strong></span> <span class='ocrx_word' id='word_1_169' title='bbox 1165 2197 1269 2269; x_wconf 87' lang='lat' dir='ltr'><strong>quibus</strong></span> 
     </span>
    </p>
   </div>
   <div class='ocr_carea' id='block_1_5' title="bbox 6 2291 1267 2374">
    <p class='ocr_par' dir='ltr' id='par_1_9' title="bbox 6 2291 1267 2374">
     <span class='ocr_line' id='line_1_19' title="bbox 6 2291 1267 2374; baseline 0.002 -20"><span class='ocrx_word' id='word_1_170' title='bbox 6 2291 8 2354; x_wconf 90' lang='lat'>:</span> <span class='ocrx_word' id='word_1_171' title='bbox 94 2301 271 2374; x_wconf 74' lang='lat' dir='ltr'><strong>argumentis</strong></span> <span class='ocrx_word' id='word_1_172' title='bbox 286 2314 384 2358; x_wconf 88' lang='lat' dir='ltr'><strong>eorum</strong></span> <span class='ocrx_word' id='word_1_173' title='bbox 397 2299 509 2358; x_wconf 90' lang='lat' dir='ltr'><strong>animos</strong></span> <span class='ocrx_word' id='word_1_174' title='bbox 524 2297 708 2373; x_wconf 86' lang='lat' dir='ltr'><strong>confirmarit,</strong></span> <span class='ocrx_word' id='word_1_175' title='bbox 732 2315 764 2358; x_wconf 88' lang='lat' dir='ltr'><strong>se</strong></span> <span class='ocrx_word' id='word_1_176' title='bbox 785 2299 883 2372; x_wconf 86' lang='lat' dir='ltr'><strong>elapsa</strong></span> <span class='ocrx_word' id='word_1_177' title='bbox 897 2301 945 2358; x_wconf 91' lang='lat' dir='ltr'><strong>die</strong></span> <span class='ocrx_word' id='word_1_178' title='bbox 960 2299 1100 2358; x_wconf 88' lang='lat' dir='ltr'><strong>dominica</strong></span> <span class='ocrx_word' id='word_1_179' title='bbox 1112 2301 1142 2356; x_wconf 89' lang='lat' dir='ltr'><strong>in</strong></span> <span class='ocrx_word' id='word_1_180' title='bbox 1158 2299 1267 2358; x_wconf 90' lang='lat' dir='ltr'><strong>duabus</strong></span> 
     </span>
    </p>
   </div>
   <div class='ocr_carea' id='block_1_6' title="bbox 6 2369 1270 3639">
    <p class='ocr_par' dir='ltr' id='par_1_10' title="bbox 6 2369 1270 3639">
     <span class='ocr_line' id='line_1_20' title="bbox 6 2369 1268 2486; baseline -0.002 -24"><span class='ocrx_word' id='word_1_181' title='bbox 6 2369 8 2486; x_wconf 44' lang='grc' dir='ltr'>ἱ</span> <span class='ocrx_word' id='word_1_182' title='bbox 94 2403 278 2464; x_wconf 90' lang='lat' dir='ltr'><strong>concionibus</strong></span> <span class='ocrx_word' id='word_1_183' title='bbox 294 2405 469 2477; x_wconf 78' lang='lat' dir='ltr'><strong>exposuisse.</strong></span> <span class='ocrx_word' id='word_1_184' title='bbox 492 2404 577 2463; x_wconf 87' lang='lat' dir='ltr'><strong>Nunc</strong></span> <span class='ocrx_word' id='word_1_185' title='bbox 592 2410 688 2464; x_wconf 87' lang='lat' dir='ltr'><strong>autem</strong></span> <span class='ocrx_word' id='word_1_186' title='bbox 703 2419 746 2477; x_wconf 87' lang='lat' dir='ltr'><strong>ea,</strong></span> <span class='ocrx_word' id='word_1_187' title='bbox 764 2419 828 2476; x_wconf 85' lang='lat' dir='ltr'><strong>quae</strong></span> <span class='ocrx_word' id='word_1_188' title='bbox 843 2404 979 2476; x_wconf 84' lang='lat' dir='ltr'><strong>praelacta</strong></span> <span class='ocrx_word' id='word_1_189' title='bbox 994 2403 1059 2476; x_wconf 90' lang='lat' dir='ltr'><strong>sint,</strong></span> <span class='ocrx_word' id='word_1_190' title='bbox 1076 2401 1167 2475; x_wconf 88' lang='lat' dir='ltr'><strong>probe</strong></span> <span class='ocrx_word' id='word_1_191' title='bbox 1182 2419 1268 2461; x_wconf 85' lang='lat' dir='ltr'><strong>excu-</strong></span> 
     </span>
     <span class='ocr_line' id='line_1_21' title="bbox 7 2495 1269 2582; baseline -0.001 -15"><span class='ocrx_word' id='word_1_192' title='bbox 7 2523 8 2530; x_wconf 63' lang='lat'>‘</span> <span class='ocrx_word' id='word_1_193' title='bbox 94 2513 157 2568; x_wconf 88' lang='lat' dir='ltr'><strong>tere</strong></span> <span class='ocrx_word' id='word_1_194' title='bbox 173 2495 318 2580; x_wconf 80' lang='lat' dir='ltr'><strong>oportere.</strong></span> <span class='ocrx_word' id='word_1_195' title='bbox 356 2507 462 2565; x_wconf 86' lang='lat' dir='ltr'><strong>Paucis</strong></span> <span class='ocrx_word' id='word_1_196' title='bbox 476 2505 565 2582; x_wconf 91' lang='lat' dir='ltr'><strong>igitur</strong></span> <span class='ocrx_word' id='word_1_197' title='bbox 580 2507 709 2581; x_wconf 82' lang='lat' dir='ltr'><strong>praetatis</strong></span> <span class='ocrx_word' id='word_1_198' title='bbox 724 2508 799 2565; x_wconf 91' lang='lat' dir='ltr'><strong>hunc</strong></span> <span class='ocrx_word' id='word_1_199' title='bbox 813 2521 987 2580; x_wconf 88' lang='lat' dir='ltr'><strong>sermonem,</strong></span> <span class='ocrx_word' id='word_1_200' title='bbox 1011 2507 1144 2564; x_wconf 91' lang='lat' dir='ltr'><strong>nimirum</strong></span> <span class='ocrx_word' id='word_1_201' title='bbox 1160 2507 1196 2566; x_wconf 91' lang='lat' dir='ltr'><strong>de</strong></span> <span class='ocrx_word' id='word_1_202' title='bbox 1212 2523 1269 2566; x_wconf 91' lang='lat' dir='ltr'><strong>em·</strong></span> 
     </span>
     <span class='ocr_line' id='line_1_22' title="bbox 95 2610 1266 2686; baseline -0.001 -15"><span class='ocrx_word' id='word_1_203' title='bbox 95 2614 179 2686; x_wconf 91' lang='lat' dir='ltr'><strong>phasi</strong></span> <span class='ocrx_word' id='word_1_204' title='bbox 193 2610 347 2673; x_wconf 85' lang='lat' dir='ltr'><strong>verborum</strong></span> <span class='ocrx_word' id='word_1_205' title='bbox 362 2612 443 2671; x_wconf 78' lang='lat' dir='ltr'><strong>»haec</strong></span> <span class='ocrx_word' id='word_1_206' title='bbox 458 2614 552 2672; x_wconf 85' lang='lat' dir='ltr'><strong>omnia</strong></span> <span class='ocrx_word' id='word_1_207' title='bbox 566 2610 672 2671; x_wconf 71' lang='lat' dir='ltr'><strong>aaron</strong></span> <span class='ocrx_word' id='word_1_208' title='bbox 687 2611 787 2671; x_wconf 79' lang='lat' dir='ltr'><strong>vobis«</strong></span> <span class='ocrx_word' id='word_1_209' title='bbox 806 2614 859 2670; x_wconf 88' lang='lat' dir='ltr'><strong>etc.</strong></span> <span class='ocrx_word' id='word_1_210' title='bbox 876 2627 940 2683; x_wconf 78' lang='lat' dir='ltr'><strong>quae</strong></span> <span class='ocrx_word' id='word_1_211' title='bbox 955 2611 1014 2669; x_wconf 88' lang='lat' dir='ltr'><strong>sint</strong></span> <span class='ocrx_word' id='word_1_212' title='bbox 1027 2611 1090 2668; x_wconf 84' lang='lat' dir='ltr'><strong>haec</strong></span> <span class='ocrx_word' id='word_1_213' title='bbox 1104 2612 1200 2670; x_wconf 90' lang='lat' dir='ltr'><strong>omnia</strong></span> <span class='ocrx_word' id='word_1_214' title='bbox 1215 2629 1266 2684; x_wconf 89' lang='lat' dir='ltr'><strong>ag·</strong></span> 
     </span>
     <span class='ocr_line' id='line_1_23' title="bbox 98 2710 1269 2794; baseline -0.003 -18"><span class='ocrx_word' id='word_1_215' title='bbox 98 2734 213 2790; x_wconf 85' lang='lat' dir='ltr'><strong>gressus</strong></span> <span class='ocrx_word' id='word_1_216' title='bbox 229 2721 282 2774; x_wconf 91' lang='lat' dir='ltr'><strong>est.</strong></span> <span class='ocrx_word' id='word_1_217' title='bbox 320 2715 372 2774; x_wconf 81' lang='lat' dir='ltr'><strong>Ait</strong></span> <span class='ocrx_word' id='word_1_218' title='bbox 395 2720 491 2775; x_wconf 89' lang='lat' dir='ltr'><strong>autem</strong></span> <span class='ocrx_word' id='word_1_219' title='bbox 510 2733 562 2792; x_wconf 90' lang='lat' dir='ltr'><strong>per</strong></span> <span class='ocrx_word' id='word_1_220' title='bbox 583 2710 647 2774; x_wconf 85' lang='lat' dir='ltr'><strong>baec</strong></span> <span class='ocrx_word' id='word_1_221' title='bbox 662 2715 750 2776; x_wconf 87' lang='lat' dir='ltr'><strong>verba</strong></span> <span class='ocrx_word' id='word_1_222' title='bbox 765 2715 801 2774; x_wconf 87' lang='lat' dir='ltr'><strong>de</strong></span> <span class='ocrx_word' id='word_1_223' title='bbox 822 2715 913 2774; x_wconf 89' lang='lat' dir='ltr'><strong>tribus</strong></span> <span class='ocrx_word' id='word_1_224' title='bbox 928 2716 1105 2788; x_wconf 89' lang='lat' dir='ltr'><strong>potissimum</strong></span> <span class='ocrx_word' id='word_1_225' title='bbox 1121 2716 1269 2794; x_wconf 80' lang='lat' dir='ltr'><strong>dominum</strong></span> 
     </span>
     <span class='ocr_line' id='line_1_24' title="bbox 97 2819 1267 2895; baseline -0.002 -15"><span class='ocrx_word' id='word_1_226' title='bbox 97 2823 213 2895; x_wconf 84' lang='lat' dir='ltr'><strong>dixisse,</strong></span> <span class='ocrx_word' id='word_1_227' title='bbox 230 2821 338 2879; x_wconf 88' lang='lat' dir='ltr'><strong>scilicet</strong></span> <span class='ocrx_word' id='word_1_228' title='bbox 352 2821 388 2879; x_wconf 88' lang='lat' dir='ltr'><strong>de</strong></span> <span class='ocrx_word' id='word_1_229' title='bbox 404 2822 527 2893; x_wconf 89' lang='lat' dir='ltr'><strong>genuino</strong></span> <span class='ocrx_word' id='word_1_230' title='bbox 541 2821 640 2880; x_wconf 88' lang='lat' dir='ltr'><strong>mundi</strong></span> <span class='ocrx_word' id='word_1_231' title='bbox 656 2825 685 2879; x_wconf 90' lang='lat' dir='ltr'><strong>et</strong></span> <span class='ocrx_word' id='word_1_232' title='bbox 699 2827 814 2878; x_wconf 91' lang='lat' dir='ltr'><strong>suorum</strong></span> <span class='ocrx_word' id='word_1_233' title='bbox 829 2821 859 2878; x_wconf 91' lang='lat' dir='ltr'><strong>in</strong></span> <span class='ocrx_word' id='word_1_234' title='bbox 868 2836 917 2878; x_wconf 92' lang='lat' dir='ltr'><strong>eos</strong></span> <span class='ocrx_word' id='word_1_235' title='bbox 927 2819 1002 2893; x_wconf 94' lang='lat' dir='ltr'><strong>odio,</strong></span> <span class='ocrx_word' id='word_1_236' title='bbox 1014 2820 1049 2878; x_wconf 89' lang='lat' dir='ltr'><strong>de</strong></span> <span class='ocrx_word' id='word_1_237' title='bbox 1059 2820 1267 2895; x_wconf 85' lang='lat' dir='ltr'><strong>persecutione,</strong></span> 
     </span>
     <span class='ocr_line' id='line_1_25' title="bbox 96 2923 1269 3000; baseline -0.002 -15"><span class='ocrx_word' id='word_1_238' title='bbox 96 2932 126 2985; x_wconf 88' lang='lat' dir='ltr'><strong>et</strong></span> <span class='ocrx_word' id='word_1_239' title='bbox 140 2925 219 3000; x_wconf 88' lang='lat' dir='ltr'><strong>quod</strong></span> <span class='ocrx_word' id='word_1_240' title='bbox 238 2923 358 2984; x_wconf 85' lang='lat' dir='ltr'><strong>verbnm</strong></span> <span class='ocrx_word' id='word_1_241' title='bbox 377 2925 454 2999; x_wconf 91' lang='lat' dir='ltr'><strong>apud</strong></span> <span class='ocrx_word' id='word_1_242' title='bbox 475 2940 525 2985; x_wconf 91' lang='lat' dir='ltr'><strong>eos</strong></span> <span class='ocrx_word' id='word_1_243' title='bbox 546 2925 663 2984; x_wconf 89' lang='lat' dir='ltr'><strong>nonsit</strong></span> <span class='ocrx_word' id='word_1_244' title='bbox 684 2924 849 2984; x_wconf 89' lang='lat' dir='ltr'><strong>habiturum</strong></span> <span class='ocrx_word' id='word_1_245' title='bbox 868 2925 962 2985; x_wconf 90' lang='lat' dir='ltr'><strong>locum</strong></span> <span class='ocrx_word' id='word_1_246' title='bbox 986 2939 1039 2983; x_wconf 89' lang='lat' dir='ltr'><strong>nec</strong></span> <span class='ocrx_word' id='word_1_247' title='bbox 1060 2923 1118 2982; x_wconf 91' lang='lat' dir='ltr'><strong>ullo</strong></span> <span class='ocrx_word' id='word_1_248' title='bbox 1139 2924 1224 2983; x_wconf 90' lang='lat' dir='ltr'><strong>modo</strong></span> <span class='ocrx_word' id='word_1_249' title='bbox 1238 2923 1269 2983; x_wconf 90' lang='lat' dir='ltr'><strong>id</strong></span> 
     </span>
     <span class='ocr_line' id='line_1_26' title="bbox 97 3027 1268 3104; baseline 0.001 -16"><span class='ocrx_word' id='word_1_250' title='bbox 97 3031 258 3104; x_wconf 87' lang='lat' dir='ltr'><strong>suscepturi</strong></span> <span class='ocrx_word' id='word_1_251' title='bbox 272 3030 318 3088; x_wconf 83' lang='lat' dir='ltr'><strong>uel</strong></span> <span class='ocrx_word' id='word_1_252' title='bbox 331 3029 373 3087; x_wconf 94' lang='lat' dir='ltr'><strong>illi</strong></span> <span class='ocrx_word' id='word_1_253' title='bbox 388 3027 581 3090; x_wconf 85' lang='lat' dir='ltr'><strong>obedientiam</strong></span> <span class='ocrx_word' id='word_1_254' title='bbox 596 3030 753 3102; x_wconf 84' lang='lat' dir='ltr'><strong>praestituri</strong></span> <span class='ocrx_word' id='word_1_255' title='bbox 768 3029 835 3088; x_wconf 86' lang='lat' dir='ltr'><strong>sint.</strong></span> <span class='ocrx_word' id='word_1_256' title='bbox 878 3029 1028 3088; x_wconf 77' lang='lat' dir='ltr'><strong>Praeterea</strong></span> <span class='ocrx_word' id='word_1_257' title='bbox 1043 3044 1183 3103; x_wconf 87' lang='lat' dir='ltr'><strong>perquam</strong></span> <span class='ocrx_word' id='word_1_258' title='bbox 1198 3030 1268 3089; x_wconf 88' lang='lat' dir='ltr'><strong>scite</strong></span> 
     </span>
     <span class='ocr_line' id='line_1_27' title="bbox 97 3133 1268 3209; baseline 0.002 -16"><span class='ocrx_word' id='word_1_259' title='bbox 97 3134 157 3193; x_wconf 91' lang='lat' dir='ltr'><strong>odii</strong></span> <span class='ocrx_word' id='word_1_260' title='bbox 177 3135 324 3208; x_wconf 90' lang='lat' dir='ltr'><strong>energiam</strong></span> <span class='ocrx_word' id='word_1_261' title='bbox 344 3139 374 3192; x_wconf 92' lang='lat' dir='ltr'><strong>et</strong></span> <span class='ocrx_word' id='word_1_262' title='bbox 393 3151 456 3207; x_wconf 79' lang='lat' dir='ltr'><strong>quae</strong></span> <span class='ocrx_word' id='word_1_263' title='bbox 478 3149 514 3192; x_wconf 85' lang='lat' dir='ltr'><strong>ex</strong></span> <span class='ocrx_word' id='word_1_264' title='bbox 532 3133 588 3193; x_wconf 90' lang='lat' dir='ltr'><strong>hoc</strong></span> <span class='ocrx_word' id='word_1_265' title='bbox 602 3138 774 3194; x_wconf 89' lang='lat' dir='ltr'><strong>enascantur</strong></span> <span class='ocrx_word' id='word_1_266' title='bbox 792 3133 937 3193; x_wconf 85' lang='lat' dir='ltr'><strong>indicavit.</strong></span> <span class='ocrx_word' id='word_1_267' title='bbox 976 3134 1052 3193; x_wconf 88' lang='lat' dir='ltr'><strong>Nam</strong></span> <span class='ocrx_word' id='word_1_268' title='bbox 1067 3149 1103 3192; x_wconf 84' lang='lat' dir='ltr'><strong>cx</strong></span> <span class='ocrx_word' id='word_1_269' title='bbox 1117 3135 1184 3194; x_wconf 92' lang='lat' dir='ltr'><strong>odio</strong></span> <span class='ocrx_word' id='word_1_270' title='bbox 1200 3153 1268 3209; x_wconf 89' lang='lat' dir='ltr'><strong>pro·</strong></span> 
     </span>
     <span class='ocr_line' id='line_1_28' title="bbox 9 3237 1268 3336; baseline 0 -39"><span class='ocrx_word' id='word_1_271' title='bbox 9 3309 10 3336; x_wconf 23' lang='lat'>¹</span> <span class='ocrx_word' id='word_1_272' title='bbox 97 3243 236 3312; x_wconf 87' lang='lat' dir='ltr'><strong>rumpunt</strong></span> <span class='ocrx_word' id='word_1_273' title='bbox 252 3239 387 3312; x_wconf 81' lang='lat' dir='ltr'><strong>convicia,</strong></span> <span class='ocrx_word' id='word_1_274' title='bbox 404 3238 605 3314; x_wconf 87' lang='lat' dir='ltr'><strong>detractiones,</strong></span> <span class='ocrx_word' id='word_1_275' title='bbox 626 3237 774 3299; x_wconf 88' lang='lat' dir='ltr'><strong>mendacia</strong></span> <span class='ocrx_word' id='word_1_276' title='bbox 789 3244 819 3297; x_wconf 92' lang='lat' dir='ltr'><strong>et</strong></span> <span class='ocrx_word' id='word_1_277' title='bbox 833 3239 968 3312; x_wconf 87' lang='lat' dir='ltr'><strong>quicquid</strong></span> <span class='ocrx_word' id='word_1_278' title='bbox 981 3239 1066 3312; x_wconf 90' lang='lat' dir='ltr'><strong>hujus</strong></span> <span class='ocrx_word' id='word_1_279' title='bbox 1080 3239 1169 3298; x_wconf 87' lang='lat' dir='ltr'><strong>lernae</strong></span> <span class='ocrx_word' id='word_1_280' title='bbox 1184 3241 1268 3313; x_wconf 83' lang='lat' dir='ltr'><strong>ritio-</strong></span> 
     </span>
     <span class='ocr_line' id='line_1_29' title="bbox 9 3339 1268 3417; baseline -0.001 -16"><span class='ocrx_word' id='word_1_281' title='bbox 9 3339 10 3360; x_wconf 66' lang='lat'>¹</span> <span class='ocrx_word' id='word_1_282' title='bbox 98 3359 160 3401; x_wconf 93' lang='lat' dir='ltr'><strong>rum</strong></span> <span class='ocrx_word' id='word_1_283' title='bbox 176 3346 231 3417; x_wconf 88' lang='lat' dir='ltr'><strong>est,</strong></span> <span class='ocrx_word' id='word_1_284' title='bbox 247 3345 330 3403; x_wconf 90' lang='lat' dir='ltr'><strong>sicuti</strong></span> <span class='ocrx_word' id='word_1_285' title='bbox 345 3342 401 3401; x_wconf 89' lang='lat' dir='ltr'><strong>dici</strong></span> <span class='ocrx_word' id='word_1_286' title='bbox 415 3343 499 3402; x_wconf 91' lang='lat' dir='ltr'><strong>solet.</strong></span> <span class='ocrx_word' id='word_1_287' title='bbox 536 3343 575 3401; x_wconf 91' lang='lat' dir='ltr'><strong>Os</strong></span> <span class='ocrx_word' id='word_1_288' title='bbox 590 3344 695 3402; x_wconf 91' lang='lat' dir='ltr'><strong>inimici</strong></span> <span class='ocrx_word' id='word_1_289' title='bbox 716 3345 867 3402; x_wconf 87' lang='lat' dir='ltr'><strong>veritatem</strong></span> <span class='ocrx_word' id='word_1_290' title='bbox 887 3361 946 3403; x_wconf 91' lang='lat' dir='ltr'><strong>non</strong></span> <span class='ocrx_word' id='word_1_291' title='bbox 960 3343 1095 3416; x_wconf 88' lang='lat' dir='ltr'><strong>loquitur,</strong></span> <span class='ocrx_word' id='word_1_292' title='bbox 1112 3340 1202 3400; x_wconf 88' lang='lat' dir='ltr'><strong>odder</strong></span> <span class='ocrx_word' id='word_1_293' title='bbox 1216 3343 1268 3400; x_wconf 88' lang='lat' dir='ltr'><strong>wie</strong></span> 
     </span>
     <span class='ocr_line' id='line_1_30' title="bbox 9 3433 1267 3519; baseline -0.002 -15"><span class='ocrx_word' id='word_1_294' title='bbox 9 3459 10 3473; x_wconf 63' lang='lat'>¹</span> <span class='ocrx_word' id='word_1_295' title='bbox 97 3463 164 3506; x_wconf 92' lang='lat' dir='ltr'><strong>mnn</strong></span> <span class='ocrx_word' id='word_1_296' title='bbox 179 3446 247 3505; x_wconf 89' lang='lat' dir='ltr'><strong>redt</strong></span> <span class='ocrx_word' id='word_1_297' title='bbox 261 3446 302 3506; x_wconf 86' lang='lat' dir='ltr'><strong>vil</strong></span> <span class='ocrx_word' id='word_1_298' title='bbox 314 3463 438 3507; x_wconf 87' lang='lat' dir='ltr'><strong>vnnsere</strong></span> <span class='ocrx_word' id='word_1_299' title='bbox 448 3447 573 3519; x_wconf 81' lang='lat' dir='ltr'><strong>Sprach:</strong></span> <span class='ocrx_word' id='word_1_300' title='bbox 587 3448 648 3506; x_wconf 91' lang='lat' dir='ltr'><strong>Des</strong></span> <span class='ocrx_word' id='word_1_301' title='bbox 662 3447 775 3506; x_wconf 84' lang='lat' dir='ltr'><strong>uiendts</strong></span> <span class='ocrx_word' id='word_1_302' title='bbox 784 3446 890 3506; x_wconf 91' lang='lat' dir='ltr'><strong>Mundt</strong></span> <span class='ocrx_word' id='word_1_303' title='bbox 903 3446 969 3504; x_wconf 89' lang='lat' dir='ltr'><strong>redt</strong></span> <span class='ocrx_word' id='word_1_304' title='bbox 983 3446 1095 3502; x_wconf 87' lang='lat' dir='ltr'><strong>seltenn</strong></span> <span class='ocrx_word' id='word_1_305' title='bbox 1110 3433 1267 3502; x_wconf 85' lang='lat' dir='ltr'><strong>dieWahr·</strong></span> 
     </span>
     <span class='ocr_line' id='line_1_31' title="bbox 10 3547 1270 3639; baseline 0 -32"><span class='ocrx_word' id='word_1_306' title='bbox 10 3563 11 3594; x_wconf 65' lang='grc' dir='ltr'><strong>ι</strong></span> <span class='ocrx_word' id='word_1_307' title='bbox 98 3549 179 3610; x_wconf 89' lang='lat' dir='ltr'><strong>beitt.</strong></span> <span class='ocrx_word' id='word_1_308' title='bbox 217 3551 258 3610; x_wconf 87' lang='lat' dir='ltr'><strong>Et</strong></span> <span class='ocrx_word' id='word_1_309' title='bbox 271 3553 325 3610; x_wconf 91' lang='lat' dir='ltr'><strong>hoc</strong></span> <span class='ocrx_word' id='word_1_310' title='bbox 339 3552 433 3624; x_wconf 90' lang='lat' dir='ltr'><strong>ipsum</strong></span> <span class='ocrx_word' id='word_1_311' title='bbox 448 3565 484 3608; x_wconf 88' lang='lat' dir='ltr'><strong>ex</strong></span> <span class='ocrx_word' id='word_1_312' title='bbox 498 3550 625 3609; x_wconf 91' lang='lat' dir='ltr'><strong>historiis</strong></span> <span class='ocrx_word' id='word_1_313' title='bbox 641 3552 730 3608; x_wconf 90' lang='lat' dir='ltr'><strong>sacris</strong></span> <span class='ocrx_word' id='word_1_314' title='bbox 752 3549 902 3622; x_wconf 87' lang='lat' dir='ltr'><strong>probavit,</strong></span> <span class='ocrx_word' id='word_1_315' title='bbox 925 3554 954 3607; x_wconf 93' lang='grc' dir='ltr'><strong>ιι</strong></span> <span class='ocrx_word' id='word_1_316' title='bbox 968 3547 1146 3639; x_wconf 71' lang='lat' dir='ltr'><strong>potissimum</strong></span> <span class='ocrx_word' id='word_1_317' title='bbox 1162 3553 1270 3620; x_wconf 89' lang='lat' dir='ltr'><strong>quanta</strong></span> 
     </span>
    </p>
   </div>
   <div class='ocr_carea' id='block_1_7' title="bbox 10 3650 1269 3727">
    <p class='ocr_par' dir='ltr' id='par_1_11' title="bbox 10 3650 1269 3727">
     <span class='ocr_line' id='line_1_32' title="bbox 10 3650 1269 3727; baseline -0.002 -14"><span class='ocrx_word' id='word_1_318' title='bbox 10 3673 12 3720; x_wconf 78' lang='grc' dir='ltr'><strong>ι</strong></span> <span class='ocrx_word' id='word_1_319' title='bbox 99 3656 207 3714; x_wconf 87' lang='lat' dir='ltr'><strong>scelera</strong></span> <span class='ocrx_word' id='word_1_320' title='bbox 222 3655 289 3713; x_wconf 86' lang='lat' dir='ltr'><strong>olim</strong></span> <span class='ocrx_word' id='word_1_321' title='bbox 303 3655 398 3714; x_wconf 87' lang='lat' dir='ltr'><strong>Judaei</strong></span> <span class='ocrx_word' id='word_1_322' title='bbox 414 3654 527 3712; x_wconf 81' lang='lat' dir='ltr'><strong>Christo</strong></span> <span class='ocrx_word' id='word_1_323' title='bbox 544 3669 596 3726; x_wconf 89' lang='lat' dir='ltr'><strong>per</strong></span> <span class='ocrx_word' id='word_1_324' title='bbox 609 3652 747 3712; x_wconf 83' lang='lat' dir='ltr'><strong>invidiam</strong></span> <span class='ocrx_word' id='word_1_325' title='bbox 761 3658 791 3711; x_wconf 91' lang='lat' dir='ltr'><strong>et</strong></span> <span class='ocrx_word' id='word_1_326' title='bbox 809 3651 987 3712; x_wconf 87' lang='lat' dir='ltr'><strong>mendacium</strong></span> <span class='ocrx_word' id='word_1_327' title='bbox 1002 3650 1166 3727; x_wconf 71' lang='lat' dir='ltr'><strong>objecerint,</strong></span> <span class='ocrx_word' id='word_1_328' title='bbox 1183 3651 1269 3725; x_wconf 89' lang='lat' dir='ltr'><strong>quale</strong></span> 
     </span>
    </p>
   </div>
   <div class='ocr_carea' id='block_1_8' title="bbox 10 3749 1269 3834">
    <p class='ocr_par' dir='ltr' id='par_1_12' title="bbox 10 3749 1269 3834">
     <span class='ocr_line' id='line_1_33' title="bbox 10 3749 1269 3834; baseline 0 -17"><span class='ocrx_word' id='word_1_329' title='bbox 10 3749 11 3760; x_wconf 72' lang='grc'>’</span> <span class='ocrx_word' id='word_1_330' title='bbox 98 3755 150 3820; x_wconf 89' lang='lat' dir='ltr'><strong>fuit</strong></span> <span class='ocrx_word' id='word_1_331' title='bbox 164 3757 245 3834; x_wconf 90' lang='lat' dir='ltr'><strong>illud,</strong></span> <span class='ocrx_word' id='word_1_332' title='bbox 261 3765 294 3819; x_wconf 90' lang='lat' dir='ltr'><strong>ut</strong></span> <span class='ocrx_word' id='word_1_333' title='bbox 308 3775 372 3817; x_wconf 89' lang='lat' dir='ltr'><strong>cum</strong></span> <span class='ocrx_word' id='word_1_334' title='bbox 388 3757 533 3817; x_wconf 89' lang='lat' dir='ltr'><strong>dominum</strong></span> <span class='ocrx_word' id='word_1_335' title='bbox 548 3773 644 3816; x_wconf 89' lang='lat' dir='ltr'><strong>coram</strong></span> <span class='ocrx_word' id='word_1_336' title='bbox 660 3757 755 3817; x_wconf 87' lang='lat' dir='ltr'><strong>Pilato</strong></span> <span class='ocrx_word' id='word_1_337' title='bbox 770 3761 914 3832; x_wconf 88' lang='lat' dir='ltr'><strong>accusant,</strong></span> <span class='ocrx_word' id='word_1_338' title='bbox 929 3757 1021 3830; x_wconf 87' lang='lat' dir='ltr'><strong>ipsum</strong></span> <span class='ocrx_word' id='word_1_339' title='bbox 1036 3772 1152 3816; x_wconf 89' lang='lat' dir='ltr'><strong>censum</strong></span> <span class='ocrx_word' id='word_1_340' title='bbox 1167 3758 1269 3818; x_wconf 79' lang='lat' dir='ltr'><strong>caesari</strong></span> 
     </span>
    </p>
   </div>
   <div class='ocr_carea' id='block_1_9' title="bbox 11 3862 1267 3937">
    <p class='ocr_par' dir='ltr' id='par_1_13' title="bbox 11 3862 1267 3937">
     <span class='ocr_line' id='line_1_34' title="bbox 11 3862 1267 3937; baseline -0.004 -14"><span class='ocrx_word' id='word_1_341' title='bbox 11 3905 12 3914; x_wconf 29' lang='grc' dir='ltr'>ι</span> <span class='ocrx_word' id='word_1_342' title='bbox 99 3863 168 3923; x_wconf 86' lang='lat' dir='ltr'><strong>dara</strong></span> <span class='ocrx_word' id='word_1_343' title='bbox 184 3864 363 3935; x_wconf 88' lang='lat' dir='ltr'><strong>prohibuisse</strong></span> <span class='ocrx_word' id='word_1_344' title='bbox 385 3868 415 3922; x_wconf 90' lang='lat' dir='ltr'><strong>et</strong></span> <span class='ocrx_word' id='word_1_345' title='bbox 437 3878 597 3922; x_wconf 87' lang='lat' dir='ltr'><strong>sermonem</strong></span> <span class='ocrx_word' id='word_1_346' title='bbox 620 3863 682 3935; x_wconf 89' lang='lat' dir='ltr'><strong>ejus</strong></span> <span class='ocrx_word' id='word_1_347' title='bbox 702 3863 887 3937; x_wconf 87' lang='lat' dir='ltr'><strong>inverterint,</strong></span> <span class='ocrx_word' id='word_1_348' title='bbox 911 3879 976 3924; x_wconf 92' lang='lat' dir='ltr'><strong>cum</strong></span> <span class='ocrx_word' id='word_1_349' title='bbox 991 3862 1120 3923; x_wconf 76' lang='lat' dir='ltr'><strong>Christus</strong></span> <span class='ocrx_word' id='word_1_350' title='bbox 1136 3863 1267 3923; x_wconf 81' lang='lat' dir='ltr'><strong>dixisset:</strong></span> 
     </span>
    </p>
   </div>
   <div class='ocr_carea' id='block_1_10' title="bbox 11 3957 1268 4253">
    <p class='ocr_par' dir='ltr' id='par_1_14' title="bbox 11 3957 1268 4260">
     <span class='ocr_line' id='line_1_35' title="bbox 11 3957 1267 4042; baseline -0.003 -16"><span class='ocrx_word' id='word_1_351' title='bbox 11 3957 12 4016; x_wconf 67' lang='grc' dir='ltr'><strong>ι</strong></span> <span class='ocrx_word' id='word_1_352' title='bbox 99 3966 183 4042; x_wconf 88' lang='lat' dir='ltr'><strong>Date,</strong></span> <span class='ocrx_word' id='word_1_353' title='bbox 200 3985 264 4042; x_wconf 83' lang='lat' dir='ltr'><strong>quae</strong></span> <span class='ocrx_word' id='word_1_354' title='bbox 280 3975 348 4028; x_wconf 89' lang='lat' dir='ltr'><strong>sunt</strong></span> <span class='ocrx_word' id='word_1_355' title='bbox 362 3969 486 4041; x_wconf 78' lang='lat' dir='ltr'><strong>caesaris,</strong></span> <span class='ocrx_word' id='word_1_356' title='bbox 502 3964 659 4041; x_wconf 76' lang='lat' dir='ltr'><strong>caesari,&#39;et</strong></span> <span class='ocrx_word' id='word_1_357' title='bbox 673 3983 738 4040; x_wconf 83' lang='lat' dir='ltr'><strong>quac</strong></span> <span class='ocrx_word' id='word_1_358' title='bbox 754 3974 820 4026; x_wconf 89' lang='lat' dir='ltr'><strong>sunt</strong></span> <span class='ocrx_word' id='word_1_359' title='bbox 842 3967 901 4042; x_wconf 91' lang='lat' dir='ltr'><strong>dei,</strong></span> <span class='ocrx_word' id='word_1_360' title='bbox 919 3969 982 4028; x_wconf 93' lang='lat' dir='ltr'><strong>deo.</strong></span> <span class='ocrx_word' id='word_1_361' title='bbox 1006 3969 1045 4027; x_wconf 88' lang='lat' dir='ltr'><strong>Et</strong></span> <span class='ocrx_word' id='word_1_362' title='bbox 1059 3969 1114 4026; x_wconf 90' lang='lat' dir='ltr'><strong>hoc</strong></span> <span class='ocrx_word' id='word_1_363' title='bbox 1128 3966 1191 4024; x_wconf 89' lang='lat' dir='ltr'><strong>loco</strong></span> <span class='ocrx_word' id='word_1_364' title='bbox 1206 3979 1267 4024; x_wconf 88' lang='lat' dir='ltr'><strong>ser·</strong></span> 
     </span>
     <span class='ocr_line' id='line_1_36' title="bbox 12 4067 1268 4154; baseline -0.005 -22"><span class='ocrx_word' id='word_1_365' title='bbox 12 4149 13 4154; x_wconf 5' lang='grc' dir='ltr'>ἵ</span> <span class='ocrx_word' id='word_1_366' title='bbox 98 4089 209 4134; x_wconf 92' lang='lat' dir='ltr'><strong>monem</strong></span> <span class='ocrx_word' id='word_1_367' title='bbox 224 4074 400 4134; x_wconf 89' lang='lat' dir='ltr'><strong>intersecans</strong></span> <span class='ocrx_word' id='word_1_368' title='bbox 415 4072 563 4131; x_wconf 83' lang='lat' dir='ltr'><strong>Masculus</strong></span> <span class='ocrx_word' id='word_1_369' title='bbox 584 4071 660 4148; x_wconf 92' lang='lat' dir='ltr'><strong>(Hoc</strong></span> <span class='ocrx_word' id='word_1_370' title='bbox 674 4071 767 4145; x_wconf 91' lang='lat' dir='ltr'><strong>ipsum</strong></span> <span class='ocrx_word' id='word_1_371' title='bbox 790 4074 865 4131; x_wconf 90' lang='lat' dir='ltr'><strong>euim</strong></span> <span class='ocrx_word' id='word_1_372' title='bbox 886 4089 997 4146; x_wconf 88' lang='lat' dir='ltr'><strong>aequum</strong></span> <span class='ocrx_word' id='word_1_373' title='bbox 1014 4076 1057 4144; x_wconf 85' lang='grc' dir='ltr'><strong>ιιι</strong></span> <span class='ocrx_word' id='word_1_374' title='bbox 1072 4076 1102 4128; x_wconf 88' lang='grc' dir='ltr'><strong>ιι</strong></span> <span class='ocrx_word' id='word_1_375' title='bbox 1117 4071 1157 4126; x_wconf 81' lang='grc' dir='ltr'><strong>ιιι</strong></span> <span class='ocrx_word' id='word_1_376' title='bbox 1172 4067 1268 4126; x_wconf 87' lang='lat' dir='ltr'><strong>iacere</strong></span> 
     </span>
     <span class='ocr_line' id='line_1_37' title="bbox 99 4171 1267 4253; baseline -0.009 -14.763"><span class='ocrx_word' id='word_1_377' title='bbox 99 4178 189 4253; x_wconf 90' lang='lat' dir='ltr'><strong>decet,</strong></span> <span class='ocrx_word' id='word_1_378' title='bbox 214 4179 348 4238; x_wconf 88' lang='lat' dir='ltr'><strong>nimirum</strong></span> <span class='ocrx_word' id='word_1_379' title='bbox 371 4184 404 4237; x_wconf 94' lang='lat' dir='ltr'><strong>ut</strong></span> <span class='ocrx_word' id='word_1_380' title='bbox 418 4193 508 4236; x_wconf 86' lang='lat' dir='ltr'><strong>caesar</strong></span> <span class='ocrx_word' id='word_1_381' title='bbox 526 4181 664 4249; x_wconf 64' lang='lat' dir='ltr'><strong>unquam</strong></span> <span class='ocrx_word' id='word_1_382' title='bbox 683 4191 774 4235; x_wconf 77' lang='lat' dir='ltr'><strong>cesar</strong></span> <span class='ocrx_word' id='word_1_383' title='bbox 795 4182 967 4252; x_wconf 78' lang='lat' dir='ltr'><strong>agnoscatur</strong></span> <span class='ocrx_word' id='word_1_384' title='bbox 981 4180 1011 4233; x_wconf 93' lang='grc' dir='ltr'><strong>ιι</strong></span> <span class='ocrx_word' id='word_1_385' title='bbox 1025 4191 1088 4248; x_wconf 86' lang='lat' dir='ltr'><strong>quae</strong></span> <span class='ocrx_word' id='word_1_386' title='bbox 1103 4171 1146 4228; x_wconf 94' lang='lat' dir='ltr'><strong>illi</strong></span> <span class='ocrx_word' id='word_1_387' title='bbox 1159 4171 1267 4230; x_wconf 90' lang='lat' dir='ltr'><strong>deben-</strong></span> 
     </span>
    </p>
   </div>
   <div class='ocr_carea' id='block_1_11' title="bbox 12 4278 1267 4358">
    <p class='ocr_par' dir='ltr' id='par_1_15' title="bbox 12 4278 1267 4358">
     <span class='ocr_line' id='line_1_38' title="bbox 12 4278 1267 4358; baseline -0.01 -10"><span class='ocrx_word' id='word_1_388' title='bbox 12 4327 13 4348; x_wconf 60' lang='grc' dir='ltr'><strong>ι</strong></span> <span class='ocrx_word' id='word_1_389' title='bbox 98 4289 144 4342; x_wconf 90' lang='lat' dir='ltr'><strong>tur</strong></span> <span class='ocrx_word' id='word_1_390' title='bbox 159 4284 265 4345; x_wconf 90' lang='lat' dir='ltr'><strong>dentur</strong></span> <span class='ocrx_word' id='word_1_391' title='bbox 280 4296 410 4358; x_wconf 88' lang='lat' dir='ltr'><strong>quoque,</strong></span> <span class='ocrx_word' id='word_1_392' title='bbox 431 4281 486 4342; x_wconf 89' lang='lat' dir='ltr'><strong>deo</strong></span> <span class='ocrx_word' id='word_1_393' title='bbox 501 4285 596 4341; x_wconf 89' lang='lat' dir='ltr'><strong>antem</strong></span> <span class='ocrx_word' id='word_1_394' title='bbox 610 4295 662 4354; x_wconf 89' lang='lat' dir='ltr'><strong>ea,</strong></span> <span class='ocrx_word' id='word_1_395' title='bbox 686 4295 751 4353; x_wconf 83' lang='lat' dir='ltr'><strong>quoe</strong></span> <span class='ocrx_word' id='word_1_396' title='bbox 765 4281 812 4339; x_wconf 90' lang='lat' dir='ltr'><strong>dei</strong></span> <span class='ocrx_word' id='word_1_397' title='bbox 827 4287 894 4340; x_wconf 92' lang='lat' dir='ltr'><strong>suut</strong></span> <span class='ocrx_word' id='word_1_398' title='bbox 909 4287 938 4340; x_wconf 91' lang='lat' dir='ltr'><strong>et</strong></span> <span class='ocrx_word' id='word_1_399' title='bbox 953 4279 1000 4338; x_wconf 85' lang='lat' dir='ltr'><strong>dci</strong></span> <span class='ocrx_word' id='word_1_400' title='bbox 1014 4278 1136 4351; x_wconf 80' lang='lat' dir='ltr'><strong>gloriam</strong></span> <span class='ocrx_word' id='word_1_401' title='bbox 1150 4291 1267 4336; x_wconf 89' lang='lat' dir='ltr'><strong>concer-</strong></span> 
     </span>
    </p>
   </div>
   <div class='ocr_carea' id='block_1_12' title="bbox 12 4380 1269 4556">
    <p class='ocr_par' dir='ltr' id='par_1_16' title="bbox 12 4380 1269 4556">
     <span class='ocr_line' id='line_1_39' title="bbox 12 4380 1269 4463; baseline -0.006 -16"><span class='ocrx_word' id='word_1_402' title='bbox 12 4381 13 4392; x_wconf 74' lang='grc'>’</span> <span class='ocrx_word' id='word_1_403' title='bbox 99 4386 181 4463; x_wconf 89' lang='lat' dir='ltr'><strong>nunt)</strong></span> <span class='ocrx_word' id='word_1_404' title='bbox 197 4403 232 4446; x_wconf 89' lang='lat' dir='ltr'><strong>ac</strong></span> <span class='ocrx_word' id='word_1_405' title='bbox 247 4389 289 4448; x_wconf 87' lang='lat' dir='ltr'><strong>sio</strong></span> <span class='ocrx_word' id='word_1_406' title='bbox 303 4389 447 4460; x_wconf 88' lang='lat' dir='ltr'><strong>inceptum</strong></span> <span class='ocrx_word' id='word_1_407' title='bbox 467 4401 627 4446; x_wconf 89' lang='lat' dir='ltr'><strong>sermonem</strong></span> <span class='ocrx_word' id='word_1_408' title='bbox 647 4401 824 4460; x_wconf 86' lang='lat' dir='ltr'><strong>prosequens</strong></span> <span class='ocrx_word' id='word_1_409' title='bbox 845 4387 899 4444; x_wconf 90' lang='lat' dir='ltr'><strong>ait:</strong></span> <span class='ocrx_word' id='word_1_410' title='bbox 922 4385 1001 4444; x_wconf 82' lang='lat' dir='ltr'><strong>Sicut</strong></span> <span class='ocrx_word' id='word_1_411' title='bbox 1017 4387 1046 4440; x_wconf 89' lang='lat' dir='ltr'><strong>et</strong></span> <span class='ocrx_word' id='word_1_412' title='bbox 1060 4380 1115 4439; x_wconf 92' lang='lat' dir='ltr'><strong>hoc</strong></span> <span class='ocrx_word' id='word_1_413' title='bbox 1128 4381 1269 4441; x_wconf 88' lang='lat' dir='ltr'><strong>mendacii</strong></span> 
     </span>
     <span class='ocr_line' id='line_1_40' title="bbox 142 4489 1054 4556; baseline -0.014 0"><span class='ocrx_word' id='word_1_414' title='bbox 142 4513 256 4556; x_wconf 77' lang='lat' dir='ltr'><strong>Wsldeck.</strong></span> <span class='ocrx_word' id='word_1_415' title='bbox 1015 4489 1054 4544; x_wconf 79' lang='grc'><strong>12</strong></span> 
     </span>
    </p>
   </div>
   <div class='ocr_carea' id='block_1_13' title="bbox 0 0 1478 4900">
    <p class='ocr_par' dir='ltr' id='par_1_17' title="bbox 0 0 1478 4900">
     <span class='ocr_line' id='line_1_41' title="bbox 0 0 1478 4900; baseline 0 0"><span class='ocrx_word' id='word_1_416' title='bbox 0 0 1478 4900; x_wconf 95' lang='lat' dir='ltr'><strong> </strong></span> 
     </span>
    </p>
   </div>
  </div>
 </body>
</html>
