3028 4894
730 349 770 412 51

167 525 237 603 gelii
252 535 282 588 et
296 529 367 603 ipsis
382 529 562 616 adhaerentes
578 527 748 602 defendunt,
766 545 829 602 quae
845 545 960 604 semper
974 528 1072 606 luerit,
1089 537 1134 590 est
1149 537 1178 591 et
1192 529 1290 592 futma
1306 533 1343 591 sit

163 635 332 708 iustissima,
349 639 379 693 et
394 652 457 694 eam
473 651 535 694 esse
549 636 645 708 talem,
662 635 707 692 cui
722 651 804 694 nemo
820 635 956 694 resistere
971 639 1069 710 possit.
1094 636 1155 696 Nec
1171 638 1247 711 qood
1261 638 1342 698 nobis

167 739 283 798 adversi
298 741 446 815 quippiam
461 741 508 798 hic
521 740 669 814 Augusta,
685 741 791 815 inquit,
816 741 933 815 accidit,
954 757 1047 800 causae
1063 747 1169 801 nostrae
1184 742 1298 802 bonitas
1313 744 1343 800 in

167 843 252 916 culpa
267 849 325 917 est,
346 861 432 917 quam
452 843 546 904 adhuc
565 846 737 904 sustinemus
754 851 783 906 et
802 847 1003 906 sustinebimus
1024 849 1055 906 in
1073 852 1252 922 perpetuum.
1289 845 1344 904 Est

168 951 245 1007 enim
264 965 351 1008 causa
370 967 430 1008 non
449 951 566 1010 honoris
587 951 678 1009 nostri
699 956 729 1009 et
743 965 863 1024 operum
884 957 1061 1027 nostrorum,
1086 953 1139 1012 sed
1157 954 1221 1026 ipsa
1236 951 1343 1011 domini

167 1056 284 1128 veritas,
302 1053 432 1114 doctrina
442 1057 614 1114 sinceritatis
630 1060 659 1115 et
667 1062 747 1115 recta
761 1064 1004 1117 sacramentorum
1019 1058 1236 1119 administratio.
1257 1053 1343 1115 Boni·

166 1163 257 1218 tatem
272 1175 375 1234 causa,
392 1161 494 1234 inquit,
511 1161 656 1235 habemus,
674 1177 710 1220 ea
724 1177 802 1236 vero,
819 1165 1343 1239 11111111111111111111111111111111·

168 1265 235 1337 gelli
251 1265 339 1324 divini
354 1265 476 1324 nominis
491 1265 628 1325 honorem
645 1272 674 1324 et
688 1282 745 1324 non
760 1263 870 1326 faciunt
884 1268 922 1327 ed
937 1268 1059 1326 salutem
1074 1265 1214 1328 nostrem.¹
1242 1267 1343 1340 Apage

168 1370 226 1428 sint
241 1375 272 1429 et
285 1370 403 1430 valeant
416 1371 446 1428 in
460 1369 566 1428 11111111
581 1386 703 1429 crucem.
733 1371 763 1430 Si
778 1388 847 1430 vero
862 1373 944 1432 nobis
960 1388 1018 1432 non
1032 1373 1127 1431 omnia
1142 1389 1178 1431 ex
1191 1373 1266 1432 rotis
1282 1386 1342 1429 ces-

169 1479 270 1532 serunt
285 1480 315 1534 et
328 1475 467 1534 nonnulle
481 1476 578 1548 inique
595 1475 725 1549 perpessi
739 1491 849 1550 sumus,
866 1476 897 1535 id
912 1493 971 1535 non
987 1479 1100 1550 optima
1117 1481 1223 1536 nostrae
1238 1490 1341 1548 causae,

168 1578 221 1639 sed
235 1579 313 1653 quod
328 1596 381 1638 nos
395 1582 426 1638 in
440 1581 493 1638 hac
507 1595 540 1638 re
555 1595 613 1638 non
627 1587 660 1639 ut
675 1581 770 1640 decuit
785 1583 958 1654 gesserimus
975 1587 1004 1640 et
1018 1580 1220 1655 ingratitudini
1235 1584 1342 1639 nostrae

169 1699 203 1742 ac
216 1683 292 1743 male
307 1691 379 1743 actae
393 1685 641 1758 impoenitentique
655 1686 722 1744 vitae
738 1691 845 1744 1111111
860 1693 1008 1761 acceptum
1023 1685 1156 1746 feramus.
1194 1686 1283 1759 Nam,
1300 1685 1343 1742 in-

169 1789 244 1863 quit,
266 1789 345 1864 apud
363 1807 416 1849 nos
431 1790 614 1864 Augustanos
629 1807 711 1850 nemo
725 1793 771 1850 rel
787 1792 901 1851 obolum
916 1807 968 1864 pro
984 1791 1230 1850 administratione
1246 1806 1341 1849 sacra-

168 1898 330 1952 mentorum
345 1893 415 1955 dare
430 1913 501 1970 opos
516 1895 626 1968 habuit,
651 1899 680 1954 et
694 1901 791 1954 tamen
805 1897 878 1957 adeo
893 1895 975 1956 nobis
990 1899 1140 1957 conciones
1156 1909 1255 1966 sacra,
1279 1895 1344 1968 ipsa

170 2000 254 2059 simul
269 2005 298 2058 et
312 2005 491 2060 sacramenta
505 2001 592 2060 tedio
602 1999 729 2075 luerunt,
746 2005 778 2060 ot
790 2002 948 2061 abominari
964 2019 999 2061 ea
1010 2003 1182 2060 videremur.
1205 2000 1285 2070 Haec,
1301 2001 1343 2056 in-

171 2119 265 2177 quam,
277 2110 307 2163 et
316 2106 420 2164 similia
429 2107 510 2165 nobis
519 2106 659 2164 malorum
668 2121 754 2164 causa
763 2103 886 2179 luerunt,
896 2123 955 2166 non
965 2121 1050 2179 quam
1059 2107 1183 2180 gerimus
1193 2119 1279 2163 causa
1287 2107 1341 2162 etc.

169 2209 297 2282 Repetiit
312 2215 341 2269 et
355 2211 418 2270 hoc.
443 2209 555 2269 Christo
567 2227 625 2269 non
638 2212 707 2269 satis
718 2209 814 2285 luisse,
831 2212 909 2285 quod
921 2210 1037 2284 diceret,
1056 2209 1343 2270 »Nonturbeturcor

170 2319 329 2387 restrum«,
347 2316 429 2388 quin,
450 2315 570 2388 »Neque
584 2314 749 2389 formidet«,
766 2317 912 2388 adJiceret.
936 2315 1028 2373 lussit
1042 2315 1129 2386 igitur
1144 2314 1221 2371 utin
1236 2313 1345 2386 optima

171 2433 258 2478 111111
272 2420 382 2478 animos
396 2423 511 2478 nostros
524 2434 580 2478 non
591 2420 831 2494 desponderemus
847 2436 881 2478 ac
890 2433 1003 2492 semper
1015 2433 1068 2477 nos
1082 2433 1118 2476 ex
1132 2416 1229 2476 verbis
1239 2415 1345 2475 Christi

171 2524 385 2583 consolaremur
400 2530 430 2584 et
445 2525 634 2598 erigeremus,
656 2527 767 2584 etiamsi
782 2526 994 2598 potentissimos
1010 2523 1088 2583 orbis
1103 2511 1195 2581 causae
1209 2521 1345 2581 resistere

172 2645 329 2689 cernamus.
366 2629 505 2704 Fuerunt,
522 2631 622 2703 inquit,
642 2631 766 2704 apostoli
780 2630 946 2702 piscatores,
963 2627 1070 2700 idiotae,
1086 2626 1215 2685 homines
1230 2625 1343 2698 abiecti,

171 2749 270 2794 verum
284 2741 344 2793 tam
358 2751 461 2809 magna
477 2737 604 2809 aggressi
619 2740 685 2792 sunt
700 2731 875 2793 confidentes
891 2737 920 2792 et
935 2734 1079 2816 erigentes
1095 2747 1125 2790 se
1141 2731 1243 2804 spiritu
1260 2745 1277 2786 a
1295 2729 1345 2788 de-

171 2841 248 2900 mino
262 2840 320 2898 illis
335 2841 365 2898 in
379 2840 433 2898 hoc
449 2839 516 2898 dato
532 2844 561 2898 et
575 2838 774 2900 recordatione
792 2839 942 2898 verborum
959 2837 1073 2896 Christi.
1096 2835 1177 2895 Nihil
1191 2836 1278 2908 igitur
1293 2842 1344 2892 vos

171 2942 361 3017 offendimini,
381 2946 471 3006 sinos
487 2944 562 3004 forte
579 2945 802 3004 succumbamus.
840 2944 936 3002 Macte
951 2945 1057 3004 virtute
1072 2947 1102 3000 et
1116 2941 1204 3000 animi
1218 2941 1273 2999 riri
1287 2937 1345 2998 lor·

171 3053 214 3107 tes
235 3053 342 3121 estote,
366 3065 419 3108 nec
437 3049 561 3108 animum
581 3049 729 3122 abiicietis.
755 3049 870 3108 ¹llostis
889 3050 964 3108 enim
985 3047 1122 3122 quidnam
1144 3051 1173 3106 et
1188 3045 1293 3104 ethnici
1309 3044 1344 3103 de

172 3151 247 3213 hono
262 3155 326 3213 viro
343 3153 447 3213 dicem.
472 3155 554 3227 Quod
564 3171 582 3213 a
593 3158 672 3212 recto
689 3153 833 3214 discedere
846 3171 903 3214 non
920 3155 1031 3227 debeat,
1047 3153 1154 3225 dixere,
1170 3151 1270 3209 mundi
1284 3165 1345 3208 ore·

171 3263 242 3332 pent
256 3259 324 3318 licet
338 3259 430 3317 ruinae
446 3265 475 3319 et
488 3258 596 3318 fractus
611 3259 746 3318 illabatur
765 3261 842 3319 orbis
858 3266 911 3320 etc.
949 3260 1022 3319 Item
1037 3257 1181 3330 coarguit,
1203 3256 1279 3329 qood
1293 3255 1344 3311 im·

171 3363 373 3422 misericordes
393 3367 498 3439 passim
519 3381 590 3438 erga
611 3364 794 3438 perturbatos
816 3371 845 3424 et
859 3363 980 3424 afflictos
1003 3365 1090 3422 simus
1110 3363 1152 3420 ita
1169 3367 1203 3419 ut
1222 3357 1344 3418 afflictos
1387 3385 1389 3388 ·

172 3474 375 3540 praetereamus
391 3486 449 3528 non
463 3470 552 3527 solum
570 3486 628 3528 non
643 3471 832 3542 consolantes,
849 3470 901 3528 sed
910 3471 1027 3541 insuper
1040 3482 1088 3524 eos
1099 3468 1149 3522 aut
1163 3462 1344 3520 derideamus

173 3579 223 3632 aut
237 3589 298 3646 prae
314 3571 450 3646 superbia
462 3578 682 3632 contemnamus.
707 3575 789 3646 Quod
803 3578 832 3632 et
840 3572 936 3631 David
946 3573 977 3630 in
990 3557 1114 3644 persona
1123 3557 1228 3626 Christi
1242 3565 1343 3640 psalm.

175 3679 215 3735 22
230 3678 416 3750 conqueritur
431 3677 507 3754 (lege
522 3683 613 3737 totum
628 3675 789 3754 psalmum).
813 3677 905 3736 Jussit
922 3678 1010 3748 igitur
1024 3673 1201 3746 archetypon
1215 3677 1345 3732 noemam

175 3779 319 3840 Christum
333 3783 454 3855 imitari,
477 3785 596 3843 miseros
619 3783 706 3842 verbo
722 3785 829 3844 domini
849 3782 1016 3856 sustentari,
1039 3781 1087 3838 hic
1102 3781 1177 3838 enim
1192 3778 1346 3853 discipulos

175 3903 313 3960 nusquam
332 3889 526 3948 inconsolatos
540 3889 664 3962 reliquit.
702 3889 767 3947 Duo
787 3890 883 3962 itaque
905 3887 967 3946 haec
981 3903 1034 3947 nos
1049 3887 1182 3960 amplecti
1201 3883 1347 3957 praecipie-

174 3987 237 4066 bat,
261 3995 294 4049 ut
313 3991 421 4050 scilicet
440 3994 527 4053 verbo
552 3992 659 4052 domini
680 3994 835 4052 innitamur
855 4010 888 4052 ac
908 4011 961 4053 nos
982 3995 1060 4068 ipsos
1075 4009 1133 4050 una
1148 4007 1182 4050 ac
1196 3987 1300 4048 fratres
1316 3988 1346 4045 in

175 4093 376 4155 afflictionibus
396 4098 516 4155 invicem
534 4098 629 4156 verbis
652 4097 759 4157 domini
779 4103 808 4157 et
827 4097 1026 4158 recordatione
1045 4094 1264 4173 promissionum
1284 4092 1345 4164 ejus

176 4199 308 4274 solemur,
326 4216 359 4260 ae
373 4201 467 4262 Deum
491 4219 616 4284 oremus,
639 4209 671 4261 ut
686 4204 816 4276 spiritum
831 4220 912 4262 suum
927 4204 1032 4263 bonum
1046 4203 1150 4273 mittat,
1173 4200 1223 4273 qui
1243 4213 1296 4258 nos
1316 4199 1346 4255 111

175 4305 263 4364 verbo
283 4307 451 4366 corroboret
470 4312 500 4366 et
524 4306 630 4366 domini
649 4307 789 4368 voluntati
810 4308 1008 4382 obtemperare
1032 4305 1142 4366 doceat.
1181 4303 1249 4363 Fiat
1262 4303 1304 4362 ita
1317 4306 1348 4361 et

177 4407 277 4470 Amen.
1210 4421 1213 4426 ·

1089 4517 1108 4571 4
1118 4510 1134 4546 ²l¹
