2940 4900
592 360 596 368 ,
682 297 743 364 l2l

107 481 274 556 accipere,
306 487 336 542 et
359 485 392 540 ut
418 479 449 539 id
473 481 610 555 tempests
639 481 804 544 adessemus
826 481 922 555 jussit.
975 482 1055 542 Idem
1080 483 1177 555 iussus
1203 489 1247 542 est
1270 487 1299 543 et

111 565 261 647 Carolus.

213 691 343 752 Prandio
358 697 458 752 nostro
477 688 598 750 Carolus
614 708 632 752 a
646 691 772 752 Stooken
787 697 816 751 et
829 691 972 752 Barleven
987 691 1188 752 interfuerunt.
1218 696 1296 754 Emi-

107 814 183 856 mus
206 796 309 857 eadem
330 797 470 871 seriptum
493 797 598 870 prioris
620 798 650 856 iu
678 797 830 872 Itbsdorff,
858 813 914 870 quo
937 798 1051 872 piuguis
1074 799 1250 872 aqualiculus
1271 805 1301 859 et

107 904 278 962 Erasmum
294 900 477 962 Boterodam.
493 902 586 975 carpit
600 907 631 961 et
645 903 741 962 diuum
756 899 877 963 Paulum
892 918 1011 962 uxorem
1025 919 1083 962 non
1097 904 1231 964 habuisse
1246 905 1297 965 ad-

108 1013 238 1068 struere
254 1011 386 1066 conatur.

210 1112 327 1172 Eadem
348 1113 521 1174 Frederieus
541 1113 651 1186 Perger
673 1111 790 1188 Georgii
810 1112 886 1174 filius
907 1115 1099 1174 aRatisboua
1118 1131 1170 1188 uos
1192 1116 1298 1189 invisit,

108 1218 256 1278 indicans
270 1219 347 1278 inter
362 1223 462 1278 cetera
481 1217 517 1277 de
538 1220 735 1278 controversia
750 1219 865 1278 Luxaui
886 1219 1015 1294 praelecti
1035 1221 1109 1294 regii
1129 1236 1162 1278 ac
1185 1221 1300 1294 Georgii

108 1325 256 1399 Pergeri,
272 1329 303 1382 et
317 1323 460 1397 quomodo
475 1322 568 1382 Wulli
579 1323 682 1382 Heller
697 1324 856 1397 Pergerum
871 1326 901 1383 iu
915 1325 1033 1386 tutelam
1049 1327 1200 1399 acceperit.
1229 1325 1300 1385 Orta

109 1434 223 1488 autem
240 1433 285 1488 est
298 1428 361 1486 baec
374 1429 439 1488 rixa
459 1428 496 1490 ob
510 1445 568 1488 uon
582 1428 761 1504 hospitatum
776 1430 953 1490 bohemicum
969 1430 1105 1504 aulicum,
1129 1445 1191 1487 cum
1204 1435 1299 1490 tameu

110 1536 279 1595 cattorum
294 1535 405 1608 legatos
420 1535 544 1608 bospitIo
560 1534 732 1608 excepisset,
766 1527 960 1607 Interrogavit
975 1550 1089 1606 quoque
1104 1551 1156 1594 nos
1172 1535 1209 1593 de
1224 1515 1299 1594 uele-

108 1640 224 1700 tudiue
241 1639 373 1712 Pistori,
399 1639 467 1696 item
487 1653 525 1696 an
547 1638 615 1696 mihi
636 1655 675 1696 ex
696 1655 785 1698 uxore
799 1641 883 1699 liberi
898 1641 963 1698 sint.
1002 1639 1106 1699 Aiebat
1120 1645 1255 1713 parentes
1270 1645 1299 1700 et

108 1745 230 1805 iratres
256 1757 322 1802 suos
345 1744 422 1824 bona
443 1758 506 1802 esse
529 1741 703 1802 valetudiue.
742 1743 883 1804 Invitatus
905 1749 950 1803 est
973 1761 991 1804 a
1014 1746 1096 1804 nobis
1118 1745 1155 1804 ad
1177 1761 1297 1822 eoeuam,

109 1866 224 1910 verum
240 1849 422 1921 gravioribus
437 1852 591 1922 occupatus
606 1849 706 1917 uenire
721 1865 778 1908 nou
793 1851 895 1922 potuit.

213 1955 355 2027 Quoniam
371 1959 423 2013 tua
439 1953 572 2013 voluutas
587 1959 641 2028 est,
658 1955 780 2029 domine,
804 1961 837 2015 ut
855 1953 908 2029 pro
927 1953 1156 2016 benefactoribus
1175 1972 1299 2030 oremus,

110 2059 249 2120 benefac
263 2060 313 2133 ets,
337 2061 387 2132 qui
401 2059 484 2120 nobIs
502 2061 577 2118 bene
597 2061 758 2134 volucrunt,
775 2066 893 2135 propter
912 2075 1016 2120 nomen
1037 2067 1167 2121 sanctum
1187 2067 1276 2121 tuum.

213 2166 284 2224 xxix
298 2165 370 2239 Maji
385 2165 536 2245 intemplo
551 2165 754 2226 observantum
769 2166 797 2224 d.
818 2166 987 2226 Leonardus
1007 2183 1042 2226 ex
1061 2183 1123 2242 cap.
1143 2168 1262 2227 Joanuis
1279 2171 1296 2227 3

113 2271 152 2332 dc
168 2270 316 2343 mysterio
331 2275 521 2330 sacrosanctae
536 2270 638 2330 triadis
655 2273 838 2331 concionatos
854 2278 906 2344 cst,
930 2271 1068 2344 indicans,
1092 2287 1177 2345 quam
1191 2273 1300 2332 homiui

114 2393 153 2436 ex
169 2375 305 2450 propriis
329 2374 437 2436 viribus
457 2374 633 2436 divinitatem
654 2391 811 2450 agnoscere
826 2375 1000 2449 impossibile
1015 2377 1061 2436 sit.
1101 2375 1255 2442 Proferens
1269 2378 1299 2436 in

113 2481 252 2544 medium
267 2486 365 2540 uotum
380 2480 454 2539 illud
469 2479 505 2540 da
519 2482 615 2556 puello
631 2481 811 2540 calamanus
827 2497 906 2539 mare
921 2481 1074 2540 exhaurire
1090 2487 1210 2540 conante
1226 2488 1255 2542 et
1271 2481 1297 2540 d.

113 2587 290 2662 Augustino
306 2590 359 2645 etc.
378 2586 470 2646 ,Item
489 2585 526 2645 de
549 2586 690 2645 distinctis
713 2586 842 2658 personis
864 2586 894 2644 in
914 2553 1023 2645 eaden?
1028 2587 1157 2646 trinitate
1172 2592 1201 2645 et
1215 2589 1299 2660 umus

114 2695 161 2754 rei
175 2693 348 2752 testimonia
359 2692 509 2766 scripturae
524 2691 651 2752 adduxit.
676 2675 748 2752 Item
763 2689 914 2764 quomodo,
930 2690 997 2749 dum
1012 2692 1207 2765 baptizaretur
1216 2693 1298 2752 chri-

115 2806 185 2860 stus
202 2799 235 2856 iu
250 2798 388 2871 Jordaue,
404 2800 495 2870 patris
510 2814 566 2858 uox
581 2799 655 2874 (haec
670 2799 790 2858 seidcet:
808 2796 864 2855 Hic
878 2802 923 2856 est
937 2795 1013 2856 filius
1028 2814 1108 2857 meus
1125 2798 1254 2874 dilectus,
1270 2801 1300 2859 iu

116 2923 181 2980 quo
205 2903 277 2962 mihi
297 2904 370 2963 bene
385 2905 583 2978 complacitum
604 2910 661 2976 est,
687 2905 764 2963 bunc
783 2900 893 2978 audite)
916 2905 1015 2964 audite
1035 2910 1087 2964 est.
1132 2905 1223 2965 Filius
1238 2912 1300 2966 erat

116 3012 199 3086 ipse,
216 3010 266 3084 qui
280 3009 491 3084 baptizabatur,
506 3016 537 3069 et
550 3025 573 3068 s.
585 3011 701 3083 spiritus
716 3010 745 3068 ln
761 3010 856 3082 specle
870 3007 1007 3068 columbae
1024 3026 1110 3085 super
1125 3012 1195 3072 Jcsu
1209 3028 1298 3088 appa·

120 3117 200 3176 ruit.
242 3116 313 3174 Item
329 3114 406 3188 quod
421 3113 496 3174 lilius
512 3115 603 3174 solum
619 3117 805 3188 assumpserit
819 3129 936 3189 corpus,
964 3117 1036 3175 Item
1051 3117 1128 3190 quod
1143 3119 1260 3192 spiritus
1276 3136 1300 3178 s.·

119 3221 158 3282 de
174 3224 265 3295 patre
280 3217 381 3279 attilio
396 3220 435 3280 sit
449 3221 617 3293 propedem,
634 3223 702 3281 item
717 3237 802 3296 quam
818 3221 915 3296 Inepte
931 3221 1026 3280 Judaei
1041 3228 1071 3281 et
1086 3218 1188 3281 caeteri
1197 3222 1298 3282 infide-

119 3328 166 3387 les
186 3341 243 3384 nos
260 3321 436 3386 Christianos
457 3331 517 3385 tres
533 3325 601 3385 deos
617 3326 753 3400 adorare,
779 3343 841 3384 eum
860 3329 891 3386 iu
914 3343 999 3384 unum
1015 3331 1124 3386 tantum
1141 3327 1299 3400 credamus,

120 3432 278 3502 effutiant3
303 3429 380 3503 quod
394 3428 474 3489 Deus
496 3431 534 3489 sit
553 3418 671 3506 spiritus
690 3449 748 3490 non
768 3432 878 3492 habeus
894 3447 997 3506 eorpus
1013 3433 1118 3489 nostrIs
1134 3431 1300 3503 corporibus

121 3538 236 3608 simila;
253 3537 330 3610 quod
344 3541 441 3596 autem
456 3553 479 3595 s.
496 3537 639 3612 scriptura
645 3536 709 3596 Deo
724 3538 831 3610 oculos,
847 3537 965 3607 uultum,
978 3551 1078 3593 manus
1090 3539 1143 3593 etc.
1159 3535 1298 3609 attribuit,

121 3644 154 3704 id
168 3643 249 3713 fieri,
270 3641 351 3718 ¹puod
370 3643 513 3716 scriptura
537 3658 591 3715 pro
615 3647 699 3717 captu
723 3642 848 3700 humano
869 3639 1045 3699 divinitatem
1067 3641 1300 3704 circumscribens

123 3749 277 3824 loquatur.
302 3746 458 3820 Quevulibi
473 3763 490 3806 a
506 3747 590 3808 nullis
605 3747 768 3806 mortalium
783 3745 848 3822 oapi
862 3751 967 3819 posset.
991 3745 1056 3812 Huc
1069 3747 1160 3807 multa
1174 3749 1299 3810 testimo-

1 3839 2 3934 ,
124 3856 178 3915 uia
195 3870 233 3914 ex
247 3853 364 3926 psalmis
378 3859 409 3914 et
423 3853 486 3912 aliis
500 3853 602 3912 Bibliae
621 3853 691 3914 locis
706 3849 848 3911 adferens.
887 3852 959 3911 Item
974 3869 1064 3926 quara
1078 3871 1101 3913 s.
1117 3857 1234 3932 spiritus
1249 3873 1300 3915 no-

124 3962 255 4020 minetur
268 3965 379 4032 uentus,
396 3961 464 4019 item
480 3957 516 4018 de
525 3960 553 4018 vi
574 3960 909 4034 etpotentiaventonrm
926 3960 988 4017 euri
1004 3959 1119 4032 scilicet,
1136 3963 1185 4032 qui
1200 3965 1301 4019 cuneta

125 4063 233 4140 perflet
254 4069 284 4124 et
304 4065 460 4139 concutiat,
485 4070 514 4123 et
528 4063 651 4137 favoniI,
677 4065 726 4137 qui
746 4080 798 4123 suo
819 4062 889 4124 flatu
912 4066 1007 4124 omnia
1023 4065 1172 4123 exhilaret.
1211 4065 1257 4122 Sic
1273 4071 1302 4123 et

127 4173 249 4246 spiritus
264 4185 287 4229 s.
304 4167 414 4230 alflatui
428 4185 511 4230 nemo
526 4170 661 4228 resistere
676 4175 780 4244 potest,
798 4171 873 4229 sicut
887 4170 1035 4244 propalam
1045 4169 1133 4226 slsum
1151 4169 1195 4225 est
1210 4169 1238 4225 in
1255 4168 1301 4228 die
1331 4149 1336 4156 ”

128 4279 320 4350 pentecostes,
334 4273 444 4336 frustra
458 4275 684 4349 repugnantibus
699 4275 852 4334 Pharisaeis
876 4278 906 4332 et
920 4274 1021 4332 scribis
1037 4277 1090 4331 etc.
1128 4271 1168 4329 Et
1182 4271 1248 4332 huic
1263 4275 1301 4335 ad

128 4379 207 4440 bunc
220 4396 311 4454 usque
327 4379 402 4440 diem
416 4383 494 4440 totus
509 4378 632 4438 muudus
650 4380 786 4448 resistere
806 4385 939 4454 conatur,
964 4384 993 4438 ct
1007 4383 1104 4438 mmcn
1124 4376 1169 4436 bic
1184 4379 1301 4452 spiritus
