2966 4900
683 311 745 375 189

114 495 193 564 tum,
209 490 241 550 in
257 507 313 564 quo
329 490 480 565 sperabam
495 489 547 548 has
563 491 746 548 caeremonias
760 487 834 550 fieri.
866 489 923 550 Sed
943 496 976 550 ut
996 493 1197 566 trapesitsrius
1219 497 1298 556 venit

113 594 248 654 afferens
263 597 386 654 ardaeum
400 595 472 654 illud
487 600 554 654 ante
569 594 677 667 sellam,
695 611 758 668 quae
768 595 951 667 adparietem
961 597 1056 669 posita
1065 602 1137 671 erat,
1153 603 1295 672 sternens,

113 717 210 774 super
226 717 313 772 quam
328 699 446 760 affixum
460 705 524 758 erat
538 697 662 758 suanm
675 698 754 758 aliud
768 716 805 759 ex
818 715 889 758 auro
904 715 978 771 puro
998 706 1069 773 puto
1089 705 1119 759 et
1136 702 1296 761 holoserico

112 810 300 878 contextum,
317 806 437 878 cognovi
451 803 558 862 ibidem
574 820 705 876 pompam
717 805 793 862 banc
809 802 941 864 futuram.
969 805 1077 864 Videns
1092 811 1188 865 autem
1203 823 1296 866 mare·

112 909 256 968 schalcus
271 909 448 984 Papcnheim
464 909 587 968 omnium
610 908 708 967 oculos
729 909 760 966 in
781 925 826 966 me
845 910 970 968 intentos
992 925 1068 982 esse,
1093 912 1148 968 uit:
1172 910 1298 969 Domine·

113 1029 230 1086 comes,
248 1014 349 1073 melius
364 1013 467 1072 leceris
482 1013 507 1071 si
521 1014 552 1070 in
566 1010 792 1084 hyberuuculum
806 1019 874 1072 aute
889 1015 1023 1073 atriolum
1032 1014 1180 1088 concedas,
1197 1019 1226 1072 et
1241 1027 1297 1088 egu

111 1119 166 1177 ubi
184 1121 348 1192 imperator
361 1119 407 1176 hic
423 1118 583 1177 consederit
604 1121 704 1188 aperto
725 1118 798 1175 ostio
819 1122 851 1175 ut
873 1118 1047 1176 commodius
1069 1119 1295 1192 genicrdationes

110 1221 218 1282 facere
241 1239 329 1295 queas
348 1226 378 1280 te
398 1239 550 1280 accersam.
580 1221 675 1279 Pareo
697 1221 784 1294 igitur
804 1223 940 1280 monenti.
970 1222 1081 1280 Doctor
1099 1238 1169 1280 vero
1188 1222 1297 1281 Petrus

111 1344 131 1386 a
147 1327 315 1384 Malrenda
328 1327 485 1399 composito
500 1326 580 1384 vultu
594 1341 640 1382 me
655 1323 794 1382 accedens
809 1325 920 1384 salvere
930 1325 1025 1397 jussit.
1049 1325 1147 1383 Prima
1159 1323 1232 1383 facie
1247 1341 1293 1384 me

111 1431 224 1490 audire
242 1431 430 1503 dissimulavi,
452 1446 551 1488 verum
566 1445 629 1486 cnm
644 1429 771 1486 viderem
787 1445 851 1487 eum
870 1445 957 1486 manu
978 1428 1107 1486 detracta
1129 1428 1295 1487 chirotheca

109 1536 243 1608 propius
258 1535 405 1608 accedere,
423 1535 553 1594 dextram
567 1533 610 1590 illi
625 1531 745 1606 praebui.
774 1533 836 1591 Nec
850 1532 928 1591 aliud
943 1533 1098 1606 quidquam
1113 1532 1195 1591 nobis
1212 1533 1292 1606 dixit,

111 1641 188 1697 nisi:
214 1639 280 1711 Ego
296 1656 346 1717 ros
363 1655 420 1698 non
436 1639 588 1712 impediam
605 1637 686 1713 (quid
700 1637 754 1695 sibi
768 1637 813 1694 his
827 1638 923 1696 verbis
937 1638 1069 1711 voluerit,
1085 1637 1230 1708 Diespiter
1244 1636 1293 1695 illc

110 1744 252 1802 Ibericus
268 1741 371 1818 novit).
401 1745 488 1802 Venit
503 1747 532 1801 et
546 1741 620 1801 alter
635 1757 671 1800 ex
691 1741 815 1800 ostiariis
836 1741 951 1814 Eschop
971 1746 1001 1799 et
1020 1741 1147 1814 contine,
1171 1740 1220 1812 qui
1240 1757 1292 1799 nos

110 1849 144 1906 in
161 1850 285 1905 scamno
301 1847 401 1907 sedere
413 1849 508 1928 jussit,
526 1845 639 1904 dicens:
653 1847 813 1918 Imperator
828 1845 1056 1907 noutamstatim
1065 1843 1194 1918 prodibit
1202 1842 1291 1903 foras.

111 1953 195 2024 Quia
210 1957 309 2009 autem
324 1952 450 2011 intellexi
465 1951 589 2010 ostiariis
604 1951 755 2023 propinem
770 1965 807 2008 ex
821 1951 875 2010 hoc
890 1957 956 2010 actu
971 1949 1084 2022 deberi,
1107 1947 1292 2007 Malvendam
1313 1959 1316 1964 ·

110 2057 222 2130 rogavi
238 2061 285 2129 ut,
307 2055 375 2129 quid
390 2056 419 2114 id
433 2057 563 2130 propinas
579 2071 641 2113 esse
657 2053 788 2127 deberet,
810 2056 1018 2128 expiscaretur,
1042 2054 1091 2126 qui
1107 2069 1137 2110 se
1153 2051 1184 2110 id
1198 2050 1291 2109 lactu-

110 2179 183 2221 mm
199 2160 312 2234 recepit
326 2177 360 2218 ac
374 2162 452 2218 ocius
467 2175 598 2218 reversus
614 2161 663 2232 ait,
681 2159 814 2218 ostiarios
829 2159 943 2231 dixisse,
960 2159 991 2216 id
1000 2160 1030 2215 in
1040 2173 1104 2214 mes
1116 2156 1292 2215 liberalitate

111 2271 144 2325 et
158 2265 345 2324 humanitate
359 2265 444 2322 situm
460 2279 536 2337 esse,
560 2279 590 2322 se
609 2262 682 2321 nihil
701 2263 868 2321 nominatim
887 2263 1037 2334 petituros.
1067 2261 1154 2319 Venit
1177 2275 1292 2331 quoque

112 2371 226 2438 tertius
243 2386 280 2428 ex
294 2368 419 2428 ostiariis
435 2367 547 2426 dicens:
568 2367 689 2426 Domine
706 2383 816 2440 comcs,
832 2383 923 2438 quare
935 2381 996 2424 nou
1009 2363 1142 2423 atriolum
1157 2361 1291 2422 accedis?

15 2515 19 2522 ·
112 2473 286 2545 Respondi:
309 2457 504 2531 Marsohalcus
517 2487 569 2530 me
588 2471 635 2529 hio
654 2471 817 2544 praestolari
833 2470 928 2542 jnssit.
959 2469 1051 2541 Beue,
1075 2467 1162 2538 bene,
1186 2466 1288 2538 inquit.

114 2580 271 2652 Exspecta
286 2577 444 2651 paululum,
467 2577 547 2636 brevi
562 2575 622 2634 fiet.
652 2575 725 2632 Erat
739 2590 807 2632 vero
819 2574 881 2645 jam
895 2573 924 2630 in
938 2577 1046 2645 punctu
1062 2569 1107 2647 (ut
1121 2567 1289 2644 loquuntur)

9 2719 10 2724 κ
113 2682 297 2755 ιιιιάοιὶιιιιιζ
320 2697 383 2739 eum
398 2678 500 2739 fierent
511 2683 667 2754 januarum
682 2679 807 2751 crepitus
829 2693 862 2736 ac
883 2692 1034 2750 procerum
1055 2675 1289 2749 geniculationes.

113 2789 317 2858 Posteaquam
329 2791 530 2844 autemcaesar
545 2786 575 2842 in
590 2783 660 2842 sella
674 2783 725 2840 illa
739 2781 896 2854 resederat,
912 2779 1087 2851 Papenheim
1102 2785 1202 2852 aperto
1218 2779 1291 2837 ostio

113 2907 165 2950 me
183 2891 305 2964 vocarit,
322 2891 462 2963 inquiens,
478 2890 524 2948 En
538 2894 650 2961 tempus
666 2892 718 2961 est,
732 2887 792 2959 Jam
807 2901 900 2943 comes
916 2883 1029 2942 accede.
1053 2883 1121 2942 Ideo
1137 2899 1290 2956 exurgens,

114 2996 233 3054 habens
249 3011 266 3052 a
280 2996 403 3052 sinistris
418 2995 567 3053 Liberium
586 2993 630 3052 bis
650 3008 744 3066 genua
764 2989 911 3048 inflectens
931 2987 1082 3047 accedendi
1102 2990 1189 3048 tertia
1211 2989 1290 3061 geni·

116 3101 268 3158 culatione
283 3104 434 3172 utrumque
449 3115 524 3172 genu
539 3109 624 3157 terrae
645 3096 750 3171 figens,
772 3095 902 3152 similiter
922 3097 951 3151 et
972 3093 1114 3153 Liberius.
1145 3092 1221 3152 Dein
1240 3092 1290 3150 Li-

8 3263 9 3266 ,
114 3203 221 3262 borius
236 3203 345 3260 cunctis
361 3202 542 3260 audientibus
557 3202 619 3259 haec
634 3201 722 3260 verba
736 3202 766 3258 in
781 3199 920 3258 catalecto
935 3200 1098 3271 germanico
1115 3198 1210 3256 dicere
1231 3211 1291 3256 coe·

8 3311 9 3326 ²
115 3309 178 3381 pit:
207 3306 402 3364 Illustrissime
428 3312 458 3364 et
479 3307 665 3367 invictissime
688 3305 961 3374 clementissimeque
984 3317 1087 3374 caesar,
1121 3317 1211 3360 sacrae
1233 3305 1291 3357 tuae

8 3435 9 3471 2
118 3427 258 3471 caesareae
272 3413 416 3484 majestati
431 3413 477 3469 hic
497 3428 593 3470 coram
615 3424 770 3484 generosus
785 3425 870 3481 nmeus
891 3407 1020 3466 dominus
1040 3419 1133 3461 comes
1156 3402 1292 3460 Wolradt

118 3533 138 3574 a
153 3513 299 3574 Waldeck
313 3518 402 3590 sistit,
428 3514 565 3574 confitens
580 3531 611 3573 se
631 3517 810 3589 majestatem
830 3515 955 3569 vestram
975 3508 1141 3579 gravissime
1161 3511 1291 3578 tempore

8 3605 9 3628 ¹
118 3621 287 3681 rebellionis
303 3626 371 3681 anni
386 3623 476 3694 elapsi
490 3621 611 3694 laesisse,
629 3633 786 3693 agnoscens
802 3613 878 3688 quod
892 3611 1053 3686 graviorem
1068 3609 1212 3682 quandam
1226 3625 1289 3685 poe·

8 3713 9 3728 ¹
119 3743 189 3786 nam
205 3727 386 3784 commeritus
401 3727 452 3799 sit,
476 3726 556 3797 orius
572 3726 613 3783 rei
631 3723 773 3783 dirissima
786 3725 919 3778 metauea
933 3716 1065 3788 ringitur.
1096 3713 1232 3774 Attamen
1254 3713 1290 3774 de

119 3832 224 3894 innata
244 3830 437 3902 imperatoriae
459 3833 562 3886 vestrae
582 3828 739 3902 majestatis
760 3824 909 3884 clementia
928 3817 1062 3893 confisus,
1090 3819 1165 3897 hauc
1185 3837 1290 3880 noxam

8 3943 10 3999 t
121 3934 178 3993 sibi
199 3933 307 3992 remitti
328 3933 512 4007 deprecatur,
535 3932 694 3990 cumomni
714 3931 802 3990 animi
825 3928 985 4001 dejectione
1006 3941 1126 3998 rogans,
1151 3931 1185 3982 ut
1207 3939 1291 3981 sacra

121 4042 220 4098 vestra
235 4053 361 4096 caesarea
375 4038 509 4110 maiestas
524 4041 583 4095 tam
596 4020 691 4110 ipsum
706 4049 792 4108 quam
811 4031 941 4092 subditos
962 4047 1028 4090 suos
1049 4031 1080 4087 iu
1101 4027 1224 4100 gratiam
1244 4043 1291 4085 re-

8 4123 9 4168 t
123 4145 218 4215 cipere
240 4143 389 4216 dignetur,
413 4141 501 4214 idque
521 4141 558 4198 ob
578 4139 624 4199 dei
646 4146 676 4198 et
691 4153 821 4198 casarea
835 4141 940 4195 restra
955 4132 1112 4207 majestatis
1127 4130 1290 4188 misericor·

8 4219 10 4276 ἷ
124 4247 214 4321 dium,
238 4246 315 4320 quod
329 4247 406 4304 idem
427 4246 519 4306 dictus
540 4261 619 4302 meus
641 4244 771 4302 dominus
790 4258 884 4301 comes
903 4244 1010 4314 praeter
1031 4233 1128 4294 debita
1148 4230 1242 4294 officia
1262 4241 1292 4296 et

8 4335 10 4354 ³
125 4353 202 4412 omni
215 4367 281 4411 cum
295 4350 446 4435 sedulitate
461 4351 669 4424 promeriturus
685 4354 743 4422 est,
764 4363 817 4407 nec
831 4359 956 4417 unquam
965 4329 1002 4399 ¹in
1016 4340 1075 4400 rita
1090 4353 1143 4397 sua
1158 4353 1188 4398 se
1204 4341 1293 4414 maie·
