3028 4894
729 259 772 326 54

165 454 289 528 acceptis
308 451 412 513 horum
430 448 519 508 trium
538 445 682 520 optionem
702 439 785 514 dare,
809 444 841 499 ut
861 442 908 500 rel
926 439 1108 502 archiducem
1125 442 1156 500 in
1173 441 1343 514 Hispaniam

167 559 355 630 deducerent,
377 560 427 616 aut
440 552 557 627 proprio
573 565 631 608 aere
647 546 753 608 Caesari
772 547 803 606 in
818 545 973 606 Germania
987 548 1026 608 ad
1040 563 1151 608 menses
1167 547 1283 622 aliquot
1296 547 1346 604 mi·

167 667 299 736 litarent,
322 666 373 722 aut
394 674 498 732 magna
520 655 647 730 pecuniae
669 669 780 714 summa
803 651 899 728 (quod
920 658 950 712 et
971 653 1053 714 nobis
1077 650 1192 726 evenit)
1217 669 1250 710 se
1271 651 1345 712 redi-

167 774 287 829 merent.

257 874 278 946 ij
293 871 368 944 Maji
382 865 563 927 amanuensis
577 865 626 924 ille
640 863 824 938 Augustanus
840 864 977 938 scriptum
991 863 1109 938 aliquod
1122 863 1209 924 nohis
1225 861 1349 922 afferens

169 980 256 1039 venit.
301 974 412 1034 Eadem
428 971 456 1030 d.
472 969 620 1028 Musonius
640 970 713 1027 hore
734 974 763 1027 et
781 968 844 1026 loeo
863 969 1007 1028 consuetis
1030 984 1065 1028 ex
1080 984 1142 1042 cap.
1161 971 1207 1027 14
1227 965 1350 1026 Joannis

169 1082 259 1144 verba
278 1080 341 1139 haec
360 1075 522 1137 enarrando
544 1077 712 1148 prosecutus
735 1079 793 1146 est,
817 1072 936 1132 scilieet:
959 1072 1090 1132 Audistis
1111 1072 1191 1146 quod
1215 1087 1272 1144 ego
1292 1069 1352 1128 dixi

169 1186 264 1260 vobis,
287 1183 362 1244 vado
376 1187 406 1242 et
420 1182 504 1242 venio
519 1179 557 1240 ad
571 1195 631 1239 vos.
670 1177 701 1238 Si
716 1178 873 1252 diligeretis
891 1193 949 1251 me,
974 1177 1138 1251 gauderetis
1152 1178 1260 1250 utique
1274 1173 1353 1248 quod

170 1291 303 1351 dixerim:
320 1287 403 1348 Vade
415 1287 453 1344 ad
465 1291 586 1360 patrem,
602 1284 670 1357 quia
684 1288 767 1356 pater
782 1284 874 1356 major
884 1299 929 1341 me
945 1287 1051 1343 estete.
1075 1283 1156 1340 Inter
1170 1286 1284 1346 coetera
1298 1279 1351 1338 ait:

170 1399 217 1460 Ex
235 1396 290 1456 hoo
305 1393 383 1468 quod
398 1391 528 1450 Christus
544 1389 662 1462 dixerit,
679 1389 741 1460 jam
754 1388 880 1447 instante
893 1388 982 1460 malo,
1000 1389 1024 1446 si
1040 1387 1200 1460 diligeretis
1221 1402 1270 1444 me
1287 1389 1351 1456 etc,

172 1503 243 1562 duaa
259 1499 430 1575 quaestiones
446 1497 529 1569 oriri,
546 1510 645 1568 unam,
667 1508 735 1551 num
751 1491 881 1550 Christus
897 1493 933 1552 dc
947 1507 1045 1552 amore
1059 1491 1270 1566 discipulorum
1285 1504 1352 1546 suo·

171 1623 236 1667 rum
251 1621 321 1678 erga
335 1620 366 1663 se
381 1600 565 1674 dubitauerit,
582 1600 712 1672 alteram,
728 1613 766 1656 an
781 1595 912 1670 discipuli
928 1595 1071 1656 Christum
1086 1597 1259 1656 amaverint.
1284 1594 1354 1652 Am-

171 1712 224 1772 has
239 1708 374 1786 (sirecte
388 1702 519 1778 memini)
536 1703 576 1761 sic
591 1705 684 1762 solvit.
717 1701 834 1762 Certum
849 1718 911 1762 esse
928 1701 1072 1762 dominum
1088 1719 1106 1762 a
1121 1701 1272 1774 discipulis
1287 1714 1354 1772 per·

173 1817 270 1875 sancte
282 1811 454 1882 adamatum,
471 1823 563 1882 neque
573 1808 658 1868 etiam
669 1808 814 1867 dominum
828 1807 927 1866 dehoc
942 1808 989 1866 vel
1001 1807 1155 1879 dubitasse,
1171 1807 1219 1866 vel
1232 1805 1351 1866 dixisse.

173 1916 231 1980 Sed
245 1933 309 1976 cum
323 1930 404 1974 amor
419 1913 491 1973 duos
506 1911 612 1986 gradus
624 1910 740 1984 habeat,
756 1928 829 1972 unua
839 1919 892 1986 est,
909 1917 942 1972 ut
952 1915 1060 1972 amicus
1075 1929 1139 1972 cum
1152 1913 1247 1973 amico
1263 1910 1353 1969 liben-

172 2025 281 2083 tissima
297 2024 481 2080 conversetur
496 2022 526 2075 et
539 2020 621 2090 agat,
643 2017 720 2090 quod
735 2024 764 2076 et
782 2019 904 2076 maxime
919 2035 937 2076 a
952 2017 1098 2092 discipulis
1112 2016 1221 2078 factum
1236 2018 1284 2076 sit.
1324 2014 1352 2072 Is

173 2128 280 2204 gradm
296 2139 409 2198 qnoque
429 2139 465 2182 ex
482 2121 579 2181 verbis
595 2119 701 2180 Christi
720 2127 846 2196 constet,
866 2123 917 2182 ubi
938 2121 1020 2182 dicit:
1043 2123 1132 2181 Pater
1151 2127 1181 2181 et
1195 2139 1252 2196 ego
1272 2118 1354 2205 apud

174 2247 239 2292 eum
253 2229 430 2290 mansionem
443 2224 580 2285 iaciemus
595 2231 649 2286 ete.
686 2225 769 2286 Alter
783 2227 891 2301 gradm
906 2231 959 2300 est,
979 2226 1057 2300 quod
1071 2226 1221 2286 adamatus
1236 2226 1286 2288 vel
1301 2222 1351 2284 ad·

175 2336 262 2397 amoti
276 2333 431 2407 honorem,
455 2331 577 2406 gloriam
592 2337 622 2390 et
635 2329 766 2390 fortunas
781 2333 840 2390 sive
854 2347 960 2405 magna
980 2333 1039 2390 sive
1054 2347 1144 2405 parva
1164 2331 1200 2391 ah
1216 2348 1252 2392 eo
1268 2345 1349 2390 acce-

174 2442 283 2517 perint,
304 2443 436 2513 promota
450 2435 539 2496 velint
553 2441 583 2495 et
595 2437 626 2495 in
637 2436 691 2494 hoc
702 2436 797 2496 studio
814 2436 1000 2496 delectantur.
1038 2436 1094 2494 Hic
1108 2440 1204 2494 autem
1219 2437 1251 2496 in
1266 2434 1351 2496 disci·

174 2546 249 2621 pulis
264 2545 356 2606 adhuc
370 2539 479 2615 aliquid
494 2557 609 2600 carnem
624 2541 739 2615 sapiens
753 2541 879 2600 haesisse.
919 2541 1000 2614 Quod
1013 2541 1127 2600 tametsi
1143 2539 1291 2602 Christum
1305 2555 1350 2598 re·

176 2650 362 2724 clamaverint,
387 2665 446 2708 uon
459 2654 556 2707 tamen
570 2662 668 2705 verum
682 2647 744 2719 ejus
759 2646 879 2720 gloriam
897 2647 1072 2720 quesierint,
1096 2662 1213 2705 neceas
1228 2663 1288 2722 res,
1314 2644 1349 2705 de

175 2757 277 2830 quibus
301 2756 431 2815 dominus
451 2752 575 2828 dixerat,
595 2756 675 2826 justa
696 2753 881 2813 meditatione
901 2757 930 2810 et
949 2751 1156 2812 deliberatione
1178 2753 1267 2812 animi
1282 2767 1348 2827 per·

56 2893 57 2896 ¹
175 2861 336 2936 penderint.
374 2861 446 2919 Item
460 2859 515 2918 hoe
533 2860 662 2932 exemplo
682 2861 727 2917 sui
746 2859 852 2918 amoris
868 2857 1013 2918 Christum
1031 2875 1085 2918 nos
1103 2857 1166 2916 haec
1180 2858 1286 2918 docere
1301 2871 1349 2914 vo-

175 2967 271 3024 luisse.
311 2965 407 3023 Primo
422 2979 475 3022 nos
490 2961 583 3020 Deum
598 2968 723 3036 patrem,
747 2961 836 3020 filium
851 2968 880 3022 et
895 2965 1026 3034 spiritum
1041 2967 1170 3022 sanctum
1184 2979 1285 3024 amare
1301 2962 1349 3022 de-

177 3071 254 3142 here,
271 3083 368 3128 amare
382 3067 575 3140 magistratus,
591 3082 688 3125 amare
702 3066 782 3124 verbi
794 3067 948 3140 ministros,
965 3071 1109 3142 parentas,
1126 3068 1265 3142 dominos,
1281 3083 1348 3143 pro·

177 3174 277 3246 ximos,
293 3172 379 3247 idque
394 3178 423 3230 et
438 3176 536 3230 mutuo
551 3175 580 3230 et
594 3173 750 3246 reciproce.
775 3169 874 3231 Obiter
892 3189 1005 3246 quoque
1021 3172 1056 3232 de
1071 3173 1184 3234 decenti
1199 3174 1348 3234 ordinario

179 3284 208 3338 et
218 3279 298 3352 justo
312 3293 425 3349 amore,
442 3281 471 3336 et
485 3275 577 3350 qualis
592 3277 617 3334 is
633 3277 679 3350 sit,
695 3276 774 3335 dixit.
798 3276 930 3349 Exempli
944 3279 1047 3352 gratia
1079 3279 1110 3338 si
1125 3295 1198 3338 uxor
1212 3281 1346 3340 maritum

178 3385 336 3460 adamaret,
359 3384 484 3444 utillum
499 3384 621 3444 cochlea
636 3384 727 3444 instar
747 3398 859 3456 semper
879 3381 956 3442 domi
975 3384 1086 3442 haerere
1105 3384 1187 3458 velit,
1212 3401 1269 3458 quo
1284 3381 1348 3459 ipsa

102 3500 105 3506 ’
178 3508 289 3567 semper
304 3492 354 3551 illo
368 3489 426 3550 frui
441 3496 536 3565 queat,
552 3487 698 3550 nociores
713 3488 973 3564 aduegooiationes
985 3504 1052 3548 suas
1066 3489 1168 3548 autad
1179 3491 1237 3550 alia
1251 3504 1347 3550 neces.-

177 3597 256 3656 saria
269 3613 388 3656 munera
403 3596 543 3670 obeunda,
560 3611 620 3671 pree
636 3611 733 3655 amore
747 3595 802 3655 hoo
814 3611 913 3654 carere
927 3595 966 3655 ad
979 3600 1090 3669 tempus
1105 3595 1201 3654 vellet.
1225 3596 1293 3669 Hic,
1304 3597 1347 3654 iu·

179 3701 254 3773 quit,
274 3715 421 3758 amornec
436 3702 576 3760 commodi
589 3717 642 3760 nec
656 3702 770 3762 decoris
785 3701 935 3773 quicquam
949 3699 1046 3773 habet,
1069 3715 1136 3758 uem
1151 3699 1205 3758 hoc
1219 3700 1347 3772 numque

179 3808 209 3863 ct
227 3804 258 3861 in
277 3802 410 3861 damnum
430 3806 545 3865 cederet
565 3811 595 3863 et
613 3807 714 3864 culinae
736 3805 844 3877 serique
864 3801 1000 3863 familiari
1020 3804 1199 3878 dispendium
1218 3798 1345 3866 inferret.

178 3907 245 3968 Non
259 3907 388 3968 absimile
403 3908 454 3980 sit,
477 3911 502 3966 si
516 3913 598 3980 pater
617 3909 719 3982 aliquis
734 3907 823 3968 filium
838 3910 885 3968 vel
898 3909 937 3968 ad
950 3909 1037 3968 aliam
1050 3910 1165 3982 urbem,
1186 3911 1233 3969 vel
1246 3909 1285 3970 ad
1300 3925 1346 3970 ex·

179 4020 257 4074 teras
271 4013 410 4087 nationes,
427 4012 473 4071 vel
486 4010 523 4072 ad
539 4011 724 4073 excolendum
738 4013 843 4087 ingenii
859 4015 904 4072 sui
915 4014 1016 4086 solum,
1032 4014 1078 4072 uel
1092 4021 1285 4076 mercaturam
1297 4017 1347 4074 aut

179 4122 270 4178 artem
284 4117 477 4179 mechanicam
491 4116 641 4177 discendas
657 4119 770 4177 mittere
779 4118 973 4194 destinaverit,
989 4117 1065 4178 iilius
1073 4135 1142 4178 vero
1154 4125 1236 4180 muto
1250 4135 1346 4180 amore

180 4237 249 4295 erga
263 4227 375 4296 patrem
390 4221 524 4283 affectum
538 4239 569 4283 se
584 4238 647 4284 esse
661 4222 862 4296 praetenderet,
878 4229 911 4282 ut
922 4241 953 4284 ee
967 4241 986 4282 a
1000 4230 1082 4297 patre
1096 4241 1154 4286 non
1168 4225 1266 4286 divelli
1279 4225 1347 4284 velit

181 4343 235 4388 noc
249 4327 308 4404 alia
321 4330 436 4390 mittere
450 4334 607 4404 peteretur.
630 4329 734 4392 Nonne
748 4328 795 4388 hic
809 4326 899 4389 futilis
914 4334 990 4392 esset
1003 4329 1102 4392 emor?
1125 4329 1200 4390 Nam
1214 4328 1304 4390 lilium
1317 4329 1347 4386 in
