2940 4900
747 335 791 401 84

181 518 234 579 sub
248 518 354 593 pedum
377 519 523 593 pastorale
544 521 698 589 revocant,
722 517 778 574 illis
797 522 909 590 patrem
928 521 1073 591 pastorum
1094 516 1239 577 Christum
1259 516 1340 590 digito

182 624 421 699 demonstrantes,
446 641 482 684 ne
503 623 581 698 Argo
600 624 690 683 multo
713 622 853 682 oculatior
875 627 904 680 et
923 638 1043 694 nequam
1067 622 1185 696 spiritns
1201 637 1253 680 nos
1274 623 1342 679 inter

181 727 254 790 lilios
270 727 437 790 diffidentiae
459 731 489 788 in
510 730 593 790 devia
608 729 731 789 abducat
744 733 774 787 et
789 727 944 801 discerpat,
976 732 1005 786 et
1019 743 1056 786 ne
1071 726 1159 804 (quod
1173 727 1254 785 Dens
1268 741 1342 785 arer-

180 833 236 910 tat)
253 836 496 911 longanimitatem
511 836 629 910 benigni
652 837 743 910 patris
762 832 999 906 floccipendentes
1022 849 1170 904 pereamus
1185 830 1271 906 nme,
1293 847 1344 889 non

182 940 297 1015 quidem
311 941 404 1015 panis,
422 940 474 1000 sed
489 941 581 1014 verbi,
609 955 674 1014 qna
690 940 814 998 omnium
836 941 973 998 seriarum
989 944 1017 997 et
1031 940 1136 1012 puppis
1151 943 1182 998 et
1197 955 1287 1012 prora
1307 943 1348 994 est

182 1053 211 1106 st
226 1047 350 1106 omnium
365 1062 461 1104 rerum
477 1046 597 1106 eversio.
638 1045 721 1117 Quod
739 1046 835 1117 itaque
859 1061 956 1103 omnes
970 1045 1011 1117 pii
1026 1042 1166 1103 orandum
1182 1042 1299 1116 dnennt,
1320 1040 1346 1098 id

181 1165 315 1227 regamus
331 1150 483 1211 Dominum
498 1157 530 1210 nt
544 1151 685 1226 largiatur
700 1167 752 1225 per
768 1151 909 1210 Christum
924 1151 1032 1210 Jesum.

271 1255 381 1318 Eadem
396 1255 500 1330 hospiti
515 1255 704 1331 injunximus,
725 1263 757 1315 ut
771 1257 890 1330 singulis
904 1255 1001 1315 liberis
1016 1253 1124 1314 domini
1138 1255 1266 1314 Musenli
1280 1252 1345 1326 pile·

181 1359 228 1422 ola
243 1361 335 1422 nostri
350 1361 463 1422 nomine
479 1362 508 1420 in
523 1362 609 1421 xenia
622 1361 714 1422 daret.

271 1465 306 1528 D.
331 1467 459 1528 ioannes
488 1467 629 1526 llenrious
657 1467 736 1541 apud
757 1484 780 1526 s.
803 1466 970 1526 Mauridm
990 1481 1025 1524 ex
1046 1480 1107 1538 cap.
1133 1469 1171 1525 12
1194 1465 1233 1525 ad
1247 1465 1345 1524 Roma·

182 1587 234 1633 nos
256 1571 403 1632 nimirum:
431 1571 582 1632 «Gaudete
597 1589 660 1632 oum
681 1573 884 1647 gaudentibus,
900 1568 967 1630 flete
982 1585 1045 1628 oum
1059 1567 1193 1631 flentibus
1206 1574 1234 1631 l»
1254 1569 1345 1642 expla-

182 1677 379 1825 wst‘gggem
402 1779 512 1824 summo
536 1781 619 1826 mane
641 1765 806 1827 Fridericus
826 1766 974 1826 Palatinus
997 1765 1112 1836 elector,
1132 1763 1268 1825 Barariae
1284 1762 1345 1834 dux,

181 1867 421 1931 Nonomerohiam
435 1867 515 1928 abiit.

268 1972 397 2037 Vidimus
419 1971 584 2048 magnificas
609 1977 769 2034 structuras
796 1975 920 2035 coenobii
942 1974 969 2035 d.
990 1974 1119 2034 Udalrici
1141 1976 1218 2034 inter
1244 1971 1347 2032 moema

178 2079 326 2154 Augusto,
342 2077 420 2154 quod
436 2093 493 2140 non
507 2079 591 2152 pauci
607 2081 732 2136 oestrum
748 2077 870 2138 Castris
892 2080 937 2138 vel
957 2079 1131 2138 civitatulam
1150 2076 1278 2139 mauram
1292 2075 1346 2134 exi·
1448 2093 1449 2106 ¹

180 2183 305 2244 admunt.
343 2183 412 2244 Fuit
427 2190 523 2246 autem
539 2182 567 2244 d.
584 2183 737 2244 Udalrious
753 2182 880 2258 ejusdem
893 2184 973 2244 urbis
988 2185 1092 2258 praesul
1107 2184 1250 2258 exstirpe
1265 2179 1344 2240 comi-

178 2293 238 2350 tum
263 2287 299 2350 de
323 2287 477 2366 Dillingen.
515 2289 644 2350 Vidimus
664 2289 732 2348 item
753 2287 830 2348 edes
844 2267 975 2349 'Joonms
991 2289 1107 2363 Georgii
1130 2289 1275 2363 angeri,
1298 2283 1343 2344 nbi

178 2391 252 2458 lorte
268 2389 384 2458 iortuna
400 2395 503 2456 ostium
523 2393 624 2454 domus
639 2399 770 2468 apertum
790 2395 967 2468 reperientes
982 2396 1132 2468 intramus,
1155 2394 1280 2465 hortum,
1292 2404 1346 2450 am·

178 2499 297 2564 bulaora
310 2507 523 2576 annumerata,
545 2515 646 2562 careas
662 2499 729 2558 item
745 2500 891 2558 volucrum
906 2499 1034 2572 undique
1048 2497 1096 2558 filo
1111 2498 1205 2559 lemen
1222 2501 1344 2561 obtenas

177 2611 207 2668 et
222 2605 404 2682 roosptaoula
418 2603 538 2668 iserdum
553 2605 796 2681 perlustravimus.
819 2605 859 2665 Et
874 2604 950 2678 qnod
964 2605 1075 2664 umeris
1091 2603 1129 2664 ad
1143 2603 1286 2664 adificioli
1300 2617 1344 2660 cu·

172 2709 289 2784 jusdam
304 2711 399 2774 solare
413 2711 594 2786 horologium
609 2711 713 2786 parieti
735 2709 880 2786 depictum
901 2726 965 2770 cum
986 2711 1165 2770 lineamentis
1179 2705 1344 2781 horoscopis

176 2829 210 2874 eo
225 2814 334 2876 umbris
356 2817 415 2876 ania
439 2815 548 2878 affabre
569 2820 755 2890 exornatum,
779 2819 887 2890 prater
908 2814 985 2890 qnod
1004 2816 1033 2873 in
1053 2815 1148 2874 medio
1162 2813 1223 2876 iere
1238 2814 1345 2891 pariete

175 2915 308 2994 Augusta
330 2920 399 2980 urbs
422 2924 452 2978 et
471 2920 533 2992 ejus
557 2919 629 2978 situs
650 2921 740 2994 probe
759 2919 902 2980 delineata
925 2924 1009 2980 amnt
1023 2927 1053 2980 et
1067 2936 1164 2981 omnes
1179 2922 1209 2979 in
1224 2917 1343 2981 confinio
1449 2901 1450 2940 Τ

176 3019 262 3080 urbes
282 3037 344 3081 oum
363 3019 527 3082 fluminibus
554 3029 583 3082 et
602 3026 728 3082 mum
755 3040 869 3098 qnoque
888 3024 1069 3099 decursibus,
1101 3026 1203 3098 quibus
1226 3022 1343 3098 singula

175 3123 322 3199 sumena
347 3141 399 3200 par
419 3131 503 3187 notas
518 3126 655 3200 quasdam
671 3133 701 3187 et
715 3129 798 3201 signa
812 3129 1003 3202 indicabatur,
1019 3128 1058 3188 ad
1073 3130 1148 3203 qnod
1162 3137 1249 3190 terrra
1265 3129 1343 3190 cuma

175 3223 296 3303 qn'aqne
312 3229 381 3291 urbs
400 3231 457 3291 situ
478 3247 530 3292 suo
553 3237 684 3307 vergeret
704 3237 734 3290 et
755 3239 825 3304 quot
846 3234 1004 3294 miliaribus
1019 3234 1055 3294 ab
1070 3234 1201 3309 Angusta
1215 3234 1341 3295 distaret.

175 3331 253 3408 Opus
267 3331 394 3410 proiecto
414 3337 459 3396 rel
478 3335 580 3411 Apelle
603 3337 649 3396 vel
669 3336 795 3397 Zeuxide
810 3337 934 3412 digmm.
975 3342 1010 3399 ln
1024 3341 1069 3399 his
1083 3339 1193 3399 aedibus
1208 3337 1341 3398 archidux

172 3437 386 3504 Marinilianus
406 3459 495 3504 verna
514 3443 617 3504 balnea
638 3441 793 3515 habuerat,
818 3446 967 3506 amediois
985 3445 1115 3506 antidoto
1130 3450 1232 3505 nonna
1252 3445 1341 3515 longae

173 3545 358 3618 protectionis
384 3549 539 3628 hispanae
562 3548 743 3611 incommoda
772 3555 802 3608 et
827 3555 928 3611 contra
958 3551 1155 3610 inconsuetum
1181 3555 1250 3609 ntra
1272 3562 1341 3624 pra

173 3653 308 3712 munitus.

260 3753 395 3816 liniensis
410 3759 505 3820 scriba
519 3759 591 3819 nihil
605 3760 653 3820 hio
666 3759 807 3835 proficere
822 3764 928 3836 potest.
956 3759 1044 3820 Fiant
1058 3765 1154 3820 tamen
1177 3760 1272 3820 omnia
1292 3770 1340 3818 sno

172 3859 309 3930 tempore.

260 3959 390 4022 Vidimus
406 3967 436 4024 ot
450 3964 550 4024 adem
564 3964 594 4021 in
610 3964 755 4027 suburbiis
769 3969 945 4042 augustanis
960 3985 1060 4030 versus
1083 3976 1183 4043 portas
1197 3969 1226 4028 d.
1242 3965 1340 4027 Jacohi

170 4063 293 4128 titulum
309 4071 339 4128 et
360 4081 443 4128 muro
463 4069 491 4128 et
513 4066 605 4127 tribus
628 4071 720 4142 portis
735 4071 863 4132 clausum
878 4072 1006 4134 aedificiis
1029 4074 1160 4148 oblonga
1173 4081 1298 4148 quatuor
1312 4072 1339 4131 in

170 4169 332 4234 mendenen
348 4179 461 4234 oenmm
476 4177 506 4233 et
520 4187 571 4232 sex
587 4170 703 4248 divisas,
719 4179 749 4234 et
762 4177 793 4235 in
808 4180 1019 4252 superliminari
1033 4186 1183 4255 portarum
1197 4177 1339 4238 baasam

171 4273 313 4352 lnaoulpta
328 4285 427 4340 erant:
