2940 4900
757 331 820 397 160

200 513 314 576 vocavit
335 529 384 572 eos
404 517 434 573 et
449 509 617 587 justificavit
631 518 686 573 etc.
723 513 782 572 Sed
801 513 844 573 ait
857 513 1023 586 Masculus,
1048 515 1097 587 qui
1111 514 1209 574 locum
1222 511 1295 570 hunc
1307 514 1361 570 τῶν

201 619 299 707 ῥητῶν
314 619 444 693 respicit,
468 617 551 678 iacile
569 617 720 691 intelligit,
740 619 788 676 hic
803 616 948 677 Christum
970 618 1006 677 de
1026 619 1165 691 peculiari
1180 615 1326 674 vocutione
1338 616 1364 670 et

200 725 340 784 electione
354 722 549 798 apostolorum
564 724 657 796 loqui,
683 738 755 795 qnos
769 723 800 780 in
814 721 870 780 hoc
885 722 973 795 elegit
987 727 1018 780 et
1031 721 1192 794 constituit,
1207 725 1243 778 ιιι
1255 731 1364 789 evange

199 831 270 889 lium
283 829 503 901 annunciarent,
519 828 597 900 qnod
611 833 640 886 et
654 827 799 886 indicatur
814 825 902 884 verbo
918 827 1000 885 eatis.
1032 826 1192 898 Apostolus
1207 823 1285 882 enim
1296 821 1365 893 lege·

200 939 247 992 tus
261 935 322 992 sive
337 933 459 990 nuncius
474 930 588 990 dieitur.
623 931 663 990 Et
676 931 724 989 hic
737 945 838 988 rursus
853 929 1062 989 consideranda
1081 936 1124 989 est
1138 929 1260 989 bonitas
1274 924 1366 984 summi

201 1043 232 1096 et
244 1036 360 1096 maximi
374 1035 444 1109 Dei,
466 1035 515 1108 qui
530 1035 677 1108 apostolos
699 1035 772 1093 nihil
793 1035 852 1094 tale
866 1033 1049 1108 affectantes,
1072 1033 1145 1092 nihil
1160 1034 1324 1107 querentes
1336 1025 1368 1085 de

201 1143 329 1214 gratuita
349 1155 401 1196 sua
421 1138 618 1197 misericordia
636 1138 675 1204 ad
696 1139 751 1198 hoc
771 1138 896 1197 muneris
920 1144 950 1196 ct
964 1144 1075 1198 tantam
1089 1137 1266 1211 dignitatem
1279 1131 1366 1205 elegit

201 1242 330 1302 Ulterius
344 1247 440 1302 autem
447 1242 595 1300 Masculus
611 1241 755 1302 donuinam
769 1241 817 1301 hic
831 1241 911 1315 loqui
925 1241 961 1302 de
977 1243 1118 1302 electione
1132 1257 1248 1313 eorum,
1265 1237 1300 1296 de
1314 1237 1368 1307 qui·

199 1347 254 1407 bus
263 1347 371 1406 Paulus
386 1346 630 1418 dicit»Quosdam
645 1352 740 1406 autem
755 1347 910 1420 apostolos,
922 1346 1063 1418 quosdam
1077 1346 1294 1421 evangelistas«
1310 1345 1367 1409 etc,

202 1452 250 1524 qui
264 1457 385 1512 vocante
399 1458 429 1512 et
443 1457 565 1526 urgente
587 1451 641 1510 deo
662 1451 731 1523 ipsis
753 1451 850 1510 invitis
861 1442 1050 1522 'evangelium
1073 1451 1256 1510 annunciare
1274 1458 1370 1504 vocau-

203 1561 261 1614 tnr.
284 1556 360 1629 Non,
375 1557 477 1630 inquit,
494 1557 543 1629 qui
557 1559 675 1628 accepte
689 1555 810 1628 pecnnia
825 1564 979 1614 accurrunt
991 1569 1027 1612 ac
1039 1571 1141 1613 manus
1156 1557 1308 1628 unguento
1321 1563 1368 1604 un·

203 1664 318 1732 guntur,
334 1664 367 1717 ut
380 1659 454 1718 bene
470 1661 508 1718 sit
521 1661 616 1718 ventri
626 1665 679 1718 etc.
697 1657 733 1716 de
749 1657 851 1731 quibus
866 1658 1008 1730 propheta
1021 1655 1077 1716 ait:
1093 1656 1261 1718 Currebant
1275 1657 1305 1712 et
1318 1665 1369 1708 non

205 1761 357 1820 mittebant
372 1778 430 1823 eos.
455 1763 506 1821 Ait
520 1765 589 1821 item
602 1762 678 1821 hanc
693 1751 861 1822 electionem
882 1763 968 1820 etium
987 1761 1026 1820 ad
1040 1778 1092 1820 nos
1108 1768 1224 1820 ceteros
1239 1752 1370 1834 applicari
1441 1771 1442 1780 ³

202 1880 301 1940 posse,
322 1880 386 1923 cum
402 1864 471 1924 deus
494 1882 547 1924 nos
569 1873 723 1939 antequam
746 1869 832 1925 etiam
855 1866 1072 1940 expetierimus,
1097 1872 1255 1939 antequam
1272 1862 1307 1921 de
1321 1859 1369 1916 hot

202 1970 429 2044 cogitaverimus,
446 1969 481 2028 de
490 1984 570 2028 mera
579 1986 631 2028 sue
642 1971 771 2028 bonitate
782 1974 812 2028 et
826 1971 912 2028 etiam
927 1974 1098 2044 anteaquam
1114 1972 1176 2029 nati
1191 1981 1328 2038 essemus,
1342 1963 1369 2019 in

205 2073 318 2133 Christo
334 2074 462 2146 elegerit.
486 2073 601 2132 lustum
615 2073 704 2146 igitur
719 2079 748 2132 et
762 2089 876 2147 aequum
891 2089 967 2150 esse,
990 2080 1024 2133 nt
1038 2076 1093 2147 ipsi
1106 2076 1138 2133 in
1151 2077 1232 2132 omni
1246 2074 1310 2130 loeo
1324 2067 1368 2125 do

202 2177 366 2236 minationis
387 2191 447 2234 sure
470 2178 578 2250 gratias
599 2176 636 2236 de
656 2179 744 2236 tantis
764 2178 909 2238 beneficiis
930 2187 1062 2253 agarum,
1082 2184 1308 2238 ut-consensnm
1321 2186 1367 2230 no·

201 2285 293 2340 strum
314 2282 346 2339 in
365 2280 546 2342 dilectionem
566 2286 596 2341 et
610 2282 821 2340 observantiam
836 2281 941 2341 Christi
963 2288 1174 2356 preceptorum
1189 2284 1299 2353 demus,
1321 2273 1365 2336 ad·
1442 2317 1443 2324 ι

202 2383 308 2445 ducens
321 2386 376 2444 buc
392 2403 428 2446 ex
449 2385 665 2446 deuteronomio
679 2386 783 2444 Mosen
807 2392 1016 2447 contestantem
1031 2389 1181 2463 populum:
1205 2389 1308 2447 Testes
1321 2392 1367 2440 vos

201 2491 257 2562 ipsi
272 2491 358 2551 hodie
373 2491 451 2565 estis,
467 2490 545 2564 quod
560 2491 705 2563 elegeritis
722 2491 868 2549 dominum
883 2499 937 2557 etc.
973 2493 1020 2551 Sic
1036 2499 1066 2551 et
1080 2509 1134 2552 nos
1149 2505 1300 2553 monemur
1313 2498 1366 2543 me·

201 2595 330 2668 minisse,
351 2608 402 2652 nos
418 2610 586 2653 consensum
605 2598 635 2654 in
656 2597 836 2656 dilectionem
852 2597 959 2654 domini
977 2595 1089 2658 dedisse
1104 2612 1198 2668 neque
1212 2571 1368 2668 unquamt

203 2697 316 2756 domino
332 2698 385 2758 deo
401 2704 499 2758 nostro
515 2715 567 2758 nos
582 2702 725 2775 repedare
741 2701 846 2762 debere
861 2706 915 2758 etc.
932 2706 964 2758 ut
977 2698 1079 2759 ieratis
1093 2699 1218 2758 fructum
1234 2705 1290 2760 etc.
1310 2693 1367 2752 Hoc

202 2810 247 2861 est
259 2819 362 2861 munus
377 2804 564 2875 apostolicum
579 2811 611 2864 ut
625 2805 712 2865 verbo
727 2806 863 2880 populum
886 2805 925 2863 ad
940 2801 1085 2863 Christum
1109 2805 1239 2863 alliciant
1253 2808 1283 2862 et
1297 2797 1367 2878 frot-

202 2912 249 2965 tus
264 2922 384 2980 operum
402 2907 551 2966 charitatis
570 2909 600 2964 in
624 2908 807 2969 observantia
824 2913 1033 2982 preceptorum
1056 2907 1162 2967 Christi
1176 2908 1312 2978 afferant,
1334 2915 1366 2959 110

202 3008 334 3066 laborent
348 3009 377 3064 in
392 3025 497 3068 vanum
510 3015 564 3067 etc.
603 3011 659 3069 Hic
680 3014 776 3073 multis
792 3013 927 3086 ostendit,
951 3013 1094 3085 quomodo
1108 3011 1218 3074 fructus
1234 3005 1365 3088 apostoli·

203 3127 244 3168 cae
260 3110 398 3168 doctrine
414 3117 572 3183 atempore
594 3114 808 3185 praedicationis
830 3114 938 3177 Christi
957 3132 1048 3190 usqne
1067 3119 1098 3175 in
1111 3118 1283 3177 hodiernum
1297 3113 1366 3172 diem

203 3214 256 3273 sub
271 3218 314 3274 tot
328 3215 589 3288 persecutionibus,
613 3216 689 3275 inter
704 3221 748 3276 tot
762 3218 943 3294 tyrannides,
958 3221 1157 3280 tribulationes
1172 3240 1207 3282 ae
1220 3219 1364 3281 haereuce

203 3336 267 3380 rum
283 3334 396 3378 errores
411 3321 628 3391 permanserint.
666 3322 742 3380 Nam
756 3323 838 3394 licet,
855 3323 963 3399 inquit,
979 3327 1116 3400 ecclesie,
1132 3327 1235 3400 quibus
1249 3315 1365 3400 apostoli

203 3426 322 3486 verbnm
341 3424 601 3497 annunciaverunt,
626 3425 665 3485 ad
683 3441 755 3499 quos
770 3425 892 3500 Paulus,
913 3429 1032 3504 Petrus,
1053 3432 1179 3491 lacobus
1201 3436 1231 3491 et
1244 3432 1365 3490 ioannes

204 3536 257 3590 etc.
274 3532 411 3605 epistolas
427 3531 612 3605 scripserunt,
629 3530 770 3604 nbisunt,
787 3531 916 3604 nunquid
930 3549 988 3592 non
1003 3536 1056 3595 sub
1070 3536 1257 3596 mahometico
1272 3541 1363 3606 repub

204 3640 344 3692 ettamen
359 3637 434 3694 inter
448 3640 493 3694 tot
506 3652 602 3695 rernm
616 3635 823 3696 vicissitudines
844 3635 953 3697 frustm
976 3641 1148 3712 apostolicus
1163 3640 1257 3700 adhuc
1272 3648 1363 3710 snper·

205 3741 258 3793 est.
281 3737 321 3792 Et
335 3738 457 3806 apostoli
472 3739 550 3809 quod
568 3740 598 3798 in
618 3743 738 3801 eeclesia
752 3742 844 3801 Israel
865 3759 936 3815 egro
952 3743 1059 3802 domini
1073 3746 1243 3816 patriarche
1259 3750 1289 3804 et
1302 3753 1363 3817 pru

204 3838 298 3912 phetae
318 3839 494 3896 seminarunt
512 3841 542 3897 in
563 3843 650 3900 verbo
671 3845 791 3920 domini,
819 3848 887 3906 licet
913 3846 1035 3921 populus
1055 3848 1193 3908 iudaicus
1217 3848 1363 3922 propbetas

204 3940 348 4016 persecuti
367 3941 439 4012 sint,
460 3942 616 4003 occiderint
636 3951 665 4003 et
687 3964 785 4007 eorum
806 3953 923 4010 nomina
942 3951 1039 4011 delere
1055 3954 1364 4025 conatisint,messen1

204 4045 335 4106 lecerunt
356 4048 385 4104 et
406 4044 437 4102 in
451 4043 585 4102 horreum
600 4048 706 4109 domini
720 4059 913 4127 reportarunt.
953 4056 1095 4115 Tulerunt
1115 4072 1229 4130 qnoque
1248 4046 1364 4130 apostdi

205 4152 320 4211 domino
334 4149 458 4210 fructum
473 4165 508 4208 ex
523 4151 669 4228 gentibus,
692 4155 728 4214 de
749 4158 850 4229 quibus
866 4175 962 4220 sumus
977 4176 1044 4234 nos,
1067 4160 1175 4234 inquit,
1199 4161 1310 4219 etiamsi
1322 4153 1364 4230 hic

204 4270 258 4329 per
275 4255 454 4328 patriarchas
478 4259 508 4314 et
530 4256 685 4330 propbetas
712 4276 771 4320 non
792 4259 879 4322 luerit
902 4265 1071 4324 seminatum
1093 4266 1124 4324 in
1145 4265 1233 4325 verbo
1255 4257 1362 4338 domini.

205 4360 327 4433 apostoli
342 4375 456 4434 quoque
478 4362 614 4424 emundo
635 4364 740 4425 subloti
758 4371 840 4438 sunt,
862 4373 891 4428 et
910 4372 1007 4429 ιιιιιιιι
1029 4368 1115 4432 hodie
1129 4370 1287 4444 apostolica
1301 4368 1361 4427 doe
