2948 4902
204 525 309 596 putans
324 519 377 581 hoc
393 537 512 584 munere
525 522 723 598 iurisperitum
738 521 792 582 sibi
807 525 899 582 totum
913 521 1083 596 devinxisse,
1099 537 1133 581 ac
1147 517 1254 606 deinde
1269 533 1328 578 oum
1340 534 1368 578 re
1454 572 1455 575 ,

202 628 267 702 ipse
282 643 334 687 suo
349 627 424 688 mulo
447 629 643 703 experiretur,
669 625 791 686 eundem
806 631 836 686 et
859 625 897 687 ab
919 626 1083 687 adversario
1105 642 1157 687 suo
1178 627 1212 686 in
1232 623 1370 685 consilium

202 731 363 794 adhibitum
378 749 450 808 esse,
474 733 657 806 expostulans
672 747 736 790 cnm
747 731 917 806 jurisperito
933 733 989 792 sit:
1011 731 1079 792 Non
1099 733 1181 806 potui
1197 733 1229 790 in
1243 732 1298 789 lrac
1310 745 1370 787 cau·
1454 748 1456 798 l

203 851 236 896 ss
250 855 344 898 meum
366 839 468 898 bovem
486 839 659 911 mugientem
675 838 785 897 andire.
825 837 903 896 Vera
917 837 997 912 dicis,
1021 835 1170 912 respondit
1181 831 1370 911 jurisperitus,

204 958 270 1002 nam
284 949 371 1017 caput
383 942 509 1003 habebat
523 943 621 1002 tunica
635 942 797 1002 holoserica
812 957 848 1000 cx
863 943 996 1002 martium
1011 941 1133 1016 pellibus
1149 941 1278 1002 obducta
1292 937 1370 998 obro-

203 1047 307 1119 lutum,
329 1047 458 1106 indicans
477 1049 568 1121 magis
590 1048 683 1120 ipsum
703 1046 740 1106 ad
759 1047 972 1120 preciositatem
994 1047 1094 1122 vestis,
1118 1063 1207 1121 quam
1222 1046 1263 1106 ad
1277 1044 1373 1119 prioris

204 1165 306 1210 munus
320 1157 372 1211 aut
381 1152 430 1224 lus
447 1152 571 1210 animum
585 1153 718 1212 vertisse.
1312 1142 1314 1146 ’

292 1254 404 1314 Eadem
426 1271 445 1314 a
467 1257 639 1316 consiliariis
662 1255 858 1330 imperialibus
879 1255 957 1316 lecte
983 1261 1028 1316 est
1049 1258 1156 1316 mentio
1178 1251 1318 1316 Wulifiloe
1342 1269 1373 1311 cx

204 1361 281 1420 omni
295 1366 380 1436 parte
388 1359 499 1420 Wulifii
514 1361 583 1436 quid
598 1377 656 1420 non
672 1359 883 1420 esculentorum
898 1363 992 1436 gratia
1005 1363 1138 1422 lurcones
1152 1377 1215 1420 non
1230 1365 1327 1434 agent,
1342 1371 1373 1415 ex

204 1466 259 1524 boc
272 1468 379 1542 patuit,
405 1467 483 1540 qnod
506 1483 593 1540 capos
615 1472 645 1525 et
667 1465 798 1539 perdices
818 1482 834 1525 e
855 1467 1013 1526 Mechlinia
1032 1465 1201 1526 Brabentiae
1219 1463 1373 1537 Angustam

204 1576 359 1646 apportare
373 1579 520 1633 curarunt.
559 1572 664 1632 Florus
687 1571 725 1632 ad
748 1573 824 1631 hunc
843 1587 935 1648 usque
955 1571 1030 1632 diem
1045 1571 1209 1631 miserrima
1225 1574 1256 1628 ct
1272 1565 1373 1628 miodo

206 1682 236 1735 et
249 1677 394 1737 ilienterie
408 1677 531 1736 laborat.

291 1781 401 1840 Eadem
417 1780 537 1840 Oarolus
550 1782 709 1844 oStoclrem
724 1789 753 1843 et
768 1799 822 1858 ego
838 1783 985 1843 doctorem
998 1781 1210 1856 liarquardum
1224 1778 1368 1847 adivimus,

205 1886 286 1960 eujus
301 1885 450 1946 consilinm
465 1893 529 1946 erat
543 1887 580 1947 ad
595 1888 655 1948 dies
671 1890 780 1962 aliquot
795 1903 904 1947 moram
918 1893 1043 1961 nectere,
1067 1885 1173 1946 deinde
1187 1885 1311 1946 liberius
1324 1894 1375 1954 pro-

204 1991 368 2052 dimissione
381 1991 499 2050 instare.
531 1991 614 2064 Quod
635 1997 731 2052 summ
746 1993 781 2052 de
796 1993 960 2052 dimissione
980 1991 1057 2067 apud
1070 1991 1283 2065 Marquardum
1297 1999 1370 2046 rnen·

204 2097 312 2154 tionem
325 2094 494 2172 leceramus,
510 2091 571 2155 lraec
586 2113 674 2156 cansa
689 2095 823 2172 suberat,
839 2097 917 2171 qnod
932 2097 1014 2156 nobis
1029 2111 1199 2170 persuasum
1214 2099 1290 2167 erat,
1306 2105 1369 2150 non·

205 2201 290 2259 nullis
304 2202 354 2274 qni
368 2219 428 2262 una
442 2201 590 2263 nobiscnm
603 2202 764 2277 Angustam
778 2205 860 2263 citsti
874 2201 1002 2276 linerent,
1023 2202 1137 2262 domum
1150 2199 1302 2261 remeandi
1315 2209 1369 2253 cer·

205 2311 266 2365 tum
281 2308 417 2381 temporis
432 2309 555 2383 spatium
572 2309 684 2384 datum,
708 2308 786 2382 qnod
807 2310 901 2384 ipsum
915 2314 1011 2370 tamen
1026 2313 1128 2384 postea
1141 2324 1201 2368 non
1215 2307 1281 2370 veri
1295 2297 1370 2363 dissi·

206 2413 272 2472 mile
288 2409 376 2472 inisse
392 2419 567 2488 compertum
583 2418 635 2474 est.

294 2518 515 2578 Atrebatensem
535 2519 652 2579 allocuti
674 2536 787 2594 sumus,
808 2522 858 2593 qni
878 2535 932 2596 pro
953 2534 1035 2578 more
1055 2535 1107 2607 sno
1122 2517 1284 2593 respoudit,
1307 2504 1372 2569 nihil

207 2623 302 2684 adhuc
317 2623 424 2684 Oaesari
438 2640 527 2699 snper
540 2629 640 2684 nostro
655 2627 771 2700 negotio
784 2627 908 2684 relatum
923 2640 1000 2697 esse,
1024 2639 1078 2683 neo
1091 2623 1171 2682 illum
1185 2623 1294 2692 latere,
1310 2627 1370 2673 ⁰8¹1·

207 2745 268 2787 sam
282 2728 409 2804 Philippi
429 2729 541 2790 comitis
556 2745 574 2787 a
588 2729 703 2789 Nassad
724 2735 754 2789 et
775 2735 903 2790 nostram
923 2728 985 2788 iere
1001 2727 1121 2788 eandem
1137 2741 1209 2786 esse.
1249 2723 1371 2796 Rogatus

206 2834 294 2906 igitur
301 2831 449 2911 (quoniam
460 2833 498 2894 ad
512 2835 693 2908 imperatoris
707 2836 844 2909 petatium
860 2849 1027 2895 accessurus
1039 2835 1101 2908 jam
1115 2832 1197 2893 nobis
1206 2817 1370 2894 rideretur),

207 2939 299 2996 nostri
318 2939 490 2998 mentionem
511 2938 618 2998 habere
638 2941 734 3000 vellet.
772 2937 948 3014 Respondit:
970 2937 1104 2998 Profecto
1125 2941 1168 2997 tot
1182 2941 1252 2995 sunt
1265 2928 1372 3010 publice

206 3041 332 3114 negotis,
347 3043 380 3100 ut
393 3041 530 3101 lnectcnns
545 3044 582 3102 de
597 3044 717 3119 privatis
732 3046 781 3116 agi
794 3045 865 3103 nihil
880 3045 1015 3118 potnerit,
1031 3048 1060 3103 et
1074 3041 1152 3102 intra
1166 3043 1240 3101 duos
1256 3039 1317 3100 dies
1338 3025 1372 3088 sd

207 3148 409 3219 imperatorem
424 3161 556 3206 accessus
571 3148 640 3206 milri
655 3163 712 3206 non
728 3148 910 3209 concedetur.
950 3149 1007 3208 Sed
1021 3155 1119 3209 tamen
1132 3146 1251 3219 iaciam,
1276 3139 1370 3202 faciem

207 3251 366 3324 imperator
381 3251 418 3311 de
432 3251 477 3310 his
491 3249 671 3312 informetur.
696 3250 816 3312 Carolus
832 3253 920 3325 igitur
934 3260 964 3313 et
974 3253 1106 3314 Eubulus
1121 3250 1252 3328 priorem
1263 3241 1370 3326 potiti&

208 3371 272 3416 nem
287 3359 436 3433 repetunt,
460 3373 523 3417 enm
538 3356 761 3433 significatione,
787 3357 865 3431 quod
888 3361 1012 3419 maximo
1027 3361 1153 3433 regionis
1168 3364 1198 3417 et
1211 3369 1309 3416 rerum
1323 3361 1369 3406 11⁰·

207 3469 332 3524 stratum
347 3463 496 3540 dispendio
510 3465 576 3524 istic
589 3469 701 3542 tempus
711 3471 880 3525 tereremus.
904 3463 1095 3538 Quamobrem
1109 3463 1137 3523 d.
1153 3478 1214 3522 suae
1228 3454 1371 3521 consilium

207 3585 390 3645 rogaremus,
430 3588 498 3632 num
520 3572 576 3646 ipsi
599 3571 760 3632 consultum
785 3569 933 3630 videretur
958 3586 976 3629 a
996 3585 1121 3628 cesarea
1142 3568 1293 3640 majestate
1313 3566 1370 3617 cum

207 3676 302 3745 gratia
326 3674 518 3736 dimissionem
541 3679 680 3738 mensium
707 3677 815 3750 aliquot
838 3679 951 3751 petere,
982 3673 1127 3734 reversuri
1146 3678 1180 3732 ut
1202 3671 1324 3747 primum
1344 3653 1371 3717 id

206 3776 279 3847 jnssi
294 3775 445 3851 fuerimus,
462 3785 492 3838 at
505 3780 707 3842 Atrebateneis
722 3782 776 3841 ait:
802 3779 886 3839 Certe
901 3778 998 3838 Oaesar
1012 3777 1066 3856 hoc
1081 3794 1139 3838 non
1153 3777 1288 3851 patietur.

297 3879 417 3939 Fratres
425 3885 517 3941 nostri
527 3873 641 3942 interim
650 3887 877 3945 Maximilianum
889 3883 991 3944 ducem
1000 3883 1110 3957 adiere,
1121 3883 1169 3956 qni
1177 3897 1233 3957 pro
1247 3868 1369 3939 inmod-

209 3987 270 4044 tate
286 4001 339 4044 sna
360 3999 410 4043 eos
429 3968 550 4044 audens
571 3987 728 4048 clementer
743 3991 839 4049 omnia
853 3990 1002 4062 promisit,
1027 3987 1103 4049 forte
1119 3987 1178 4047 Titi
1197 3971 1370 4060 inperatoris

211 4090 331 4166 dictum,
359 4091 500 4152 neminem
523 4095 657 4164 oportere
678 4109 696 4151 a
718 4091 792 4174 facie
810 4095 948 4169 principis
968 4094 1081 4154 tristam
1103 4092 1193 4168 abde,
1215 4094 1309 4151 mente
1329 4093 1370 4142 rt·

210 4196 316 4256 colens.
939 4179 942 4187 ’
1453 4181 1454 4192 ’

301 4291 430 4362 Eubulm
444 4299 522 4360 aedes
537 4299 650 4362 Nicolai
663 4301 759 4360 Msier
772 4302 858 4375 petit,
882 4303 943 4373 ejus
962 4292 1111 4362 consilium
1126 4299 1283 4362 sumturus.
1319 4289 1369 4352 V0·

211 4406 311 4464 luisset
326 4406 441 4478 quidem
455 4405 502 4462 hie
516 4407 612 4462 omnia
630 4405 712 4464 nobis
732 4420 768 4463 ex
783 4405 857 4462 votis
878 4405 995 4477 cedere3
1019 4406 1071 4466 sed
1085 4409 1135 4479 qni
1149 4407 1250 4481 lupum
1263 4395 1369 4465 turibii
