2940 4900
707 323 767 388 lot

141 507 424 581 quoquehistoriam
433 507 512 565 missi
522 507 639 581 spiritus
654 507 744 574 sancti
755 467 846 570 literis
862 507 1017 568 mandarit.
1035 509 1161 582 Liquere
1175 528 1211 570 au
1212 516 1270 569 tem
1282 511 1324 569 ait

140 629 181 671 ex
194 613 253 672 hac
261 611 415 672 donatione
426 613 543 686 spiritus
554 612 645 670 sancti
648 628 748 685 quam
732 593 851 671 firmus
844 619 891 702 ,ιι
902 629 937 671 ex
947 614 1022 672 omni
1032 619 1098 686 part
1085 615 1179 674 tesibi
1189 621 1323 674 constans

141 717 184 776 sit
194 717 328 776 dominus
337 719 435 776 noster
445 717 531 776 Jesus
544 717 641 776 Ohrist
628 722 674 775 tus
687 719 718 776 in
730 687 968 809 ιιοιιιιὲιιδιιιιιιι
984 720 1055 792 suis,
1081 720 1178 792 utique
1200 721 1249 793 qui
1261 722 1322 793 jam

140 823 183 882 ad
202 822 336 910 dextram
352 821 408 881 Dei
428 823 519 897 patris
539 821 643 881 sedens
663 828 759 882 tamen
773 813 1050 904 promissumtotres
1065 827 1241 900 paracletum
1257 826 1320 882 mlt-

142 933 213 987 tera
230 944 289 986 non
304 927 478 1001 neglexerit
501 927 631 1000 allegans
652 927 724 986 mult
711 933 757 986 tos
776 928 853 988 locos
874 944 909 986 ex
922 885 1115 1011 Evangelistis
1132 931 1168 989 de
1182 931 1323 1005 promisso

144 1033 177 1092 S.
197 1032 314 1107 spiritu.
350 1031 422 1091 Item
445 1037 553 1106 quanta
567 1033 679 1091 vanitas
699 1034 737 1091 sit
750 1035 970 1107 promissionum
989 1019 1178 1105 ιιιιιιιῐιιιιιιιι
1194 1044 1223 1097 et
1238 1053 1323 1110 quarn

141 1137 285 1210 proclivis
300 1135 504 1197 beneficiorum
519 1136 634 1212 oblivio,
658 1137 801 1197 adducens
821 1141 980 1212 exemplum
994 1134 1138 1214 pincerin'ae
1154 1139 1230 1231 regis
1246 1143 1321 1202 Pha-

142 1243 248 1302 raonis
263 1259 333 1316 erga
348 1243 456 1316 Ioseph
472 1242 546 1303 libro
562 1259 659 1318 genes.
683 1243 753 1319 Cap.
771 1247 823 1308 41
851 1243 924 1301 Item
939 1243 1016 1316 quod
1032 1246 1148 1318 spiritus
1163 1239 1300 1332 bandum
1292 1265 1322 1306 ιιι

145 1347 305 1406 divinitate
320 1349 439 1420 aqualis
455 1353 616 1422 compatre
632 1347 795 1422 etliliotsrt,
818 1349 865 1408 hio
885 1365 999 1422 quoque
1014 1351 1216 1410 nonnullorum
1231 1315 1347 1434 harag}
1388 1418 1397 1432 υ

144 1453 273 1513 ticorum
288 1468 416 1512 errorem
432 1454 598 1528 corripiens.
632 1455 705 1512 Item
721 1453 797 1527 quod
816 1453 959 1517 interdum
974 1454 1080 1516 donum
1099 1457 1218 1530 spiritus
1233 1419 1393 1530 sancta?
1408 1497 1455 1545 ⁸.

144 1572 203 1631 pro
218 1557 284 1631 Ipso
298 1556 406 1630 spiritu
420 1559 588 1646 achpiatur.
627 1559 700 1617 Item
723 1557 873 1630 quid'sibi
891 1559 960 1617 velit
975 1560 1158 1634 evangelista,
1188 1578 1251 1620 cum
1267 1564 1321 1621 att:

139 1663 187 1721 Et
201 1660 298 1720 iactus
321 1667 366 1720 est
383 1667 503 1737 repente
523 1677 610 1721 sonus
631 1663 704 1721 sicut
718 1663 796 1722 venti
816 1661 1006 1737 uehementis3
1031 1670 1060 1724 et
1075 1681 1159 1737 quarn
1173 1667 1220 1725 hic
1235 1685 1320 1727 evan·

145 1767 260 1840 galicus
284 1780 371 1824 sonus
390 1767 495 1840 passim
515 1769 612 1828 orbem
634 1772 778 1827 terrarum
794 1771 989 1843 commoverit,
1013 1773 1190 1843 potissimum
1204 1774 1235 1832 in
1251 1772 1322 1832 Ger·

146 1871 260 1946 maula,
284 1871 315 1930 ιι
339 1888 395 1945 qua
418 1871 463 1935 his
485 1874 662 1947 temporibus
686 1873 816 1946 pessimis
836 1873 1023 1947 Evangelium
1045 1877 1198 1952 praedicari
1223 1880 1320 1954 coepit.

145 1977 223 2036 Item
248 1975 325 2049 quod
354 1977 470 2050 spiritus
497 1979 627 2038 hicnon
653 1979 740 2038 Petro
765 1980 819 2038 soli
842 1980 926 2039 datus
957 1981 1009 2054 sit,
1049 1981 1100 2040 sed
1123 1982 1214 2056 quod,
1247 1986 1320 2044 sicut

146 2082 338 2156 Evangelista
352 2083 469 2156 indicat,
487 2101 573 2158 super
593 2101 692 2144 omnes
715 2085 840 2158 reliquos
862 2087 967 2160 linguae
984 2087 1142 2162 dispartitae
1157 2089 1226 2146 visae
1241 2095 1317 2150 sunt.

146 2189 300 2247 Praeterea
314 2189 403 2247 multa
418 2190 608 2249 observabilis
621 2191 783 2263 Masculus,
808 2165 939 2249 nucleum
955 2208 971 2249 ι
987 2194 1093 2257 cortice
1114 2195 1320 2270 scripturarum

148 2305 267 2368 eruens,
284 2293 388 2354 docuit.
426 2279 534 2354 Verum
545 2291 586 2354 ¹ob
601 2297 738 2370 temporis
761 2297 910 2369 penuriam
925 2300 954 2354 et
970 2311 1118 2356 numerum
1133 2300 1320 2372 copiosiorem

148 2415 242 2475 erum,
260 2401 309 2473 qui
324 2401 361 2459 ad
376 2416 487 2458 sacram
507 2402 629 2473 synaxin
651 2401 792 2459 accessuri
809 2404 904 2473 erant,
928 2415 1020 2474 sermo
1045 2399 1231 2461 defalcandus
1247 2407 1318 2462 erat.

148 2504 323 2592 Aconcione
339 2521 408 2563 vero
423 2505 451 2564 d.
462 2505 609 2564 Masculus
623 2504 845 2578 pulcherrimam
860 2509 889 2562 et
903 2503 1058 2564 christiano
1074 2505 1190 2565 doctore
1206 2505 1320 2578 dignam

149 2611 186 2669 ad
204 2610 297 2669 altare
318 2625 415 2668 coram
437 2608 675 2670 communicandis
697 2609 858 2682 paraclesin
877 2609 907 2666 iu
921 2608 1063 2669 monendo
1078 2609 1187 2669 habult.
1226 2609 1320 2670 Multa

150 2716 186 2776 de
202 2717 289 2790 hujus
304 2717 477 2775 sacrosancti
491 2715 621 2790 mysterii
635 2719 664 2772 et
675 2728 765 2772 coenae
780 2712 927 2772 domiuicae
942 2715 1122 2773 institutIone
1138 2715 1173 2772 de
1189 2716 1251 2788 eius
1267 2732 1319 2774 usu

150 2839 185 2882 ac
200 2821 240 2882 ad
254 2821 326 2883 banc
340 2821 556 2896 percipiendam
567 2824 633 2878 'cum
647 2817 749 2878 fructu
757 2817 973 2894 praeparatione
987 2819 1139 2880 disserens.
1184 2821 1320 2895 Inquiens

150 2929 229 2986 inter
244 2931 361 2986 catera:
400 2927 561 2986 Arocamns
576 2929 606 2984 ιι
620 2923 816 2983 interdicimus
836 2923 889 2982 sibi
910 2939 1013 2984 cavere
1026 2925 1063 2984 ab
1078 2924 1132 2984 hac
1146 2941 1245 2986 mensa
1260 2944 1318 2986 om-

151 3049 218 3106 ues,
235 3035 375 3105 quotquot
390 3031 417 3088 d.
435 3031 542 3090 Paulus
557 3029 594 3089 ab
609 3029 663 3088 hac
681 3029 775 3088 arceri
785 3030 885 3104 jussit,
901 3031 1034 3089 nimirum
1054 3037 1243 3106 scortatores,
1267 3031 1318 3092 ad-

151 3137 276 3209 ulteros,
302 3136 443 3210 ebriosos,
469 3136 582 3208 molles,
611 3150 714 3194 avaros
736 3139 790 3194 etc.
830 3135 886 3207 Qui
905 3134 1043 3208 eJ'usmodi
1062 3143 1129 3197 sunt
1147 3153 1201 3195 nec
1220 3154 1319 3197 eorum

152 3242 287 3308 vitiorum
309 3239 633 3312 metanoeadncuntur,
663 3241 764 3314 procul
786 3241 852 3298 hinc
873 3245 952 3300 arcet
974 3243 1094 3300 ecclesiis
1119 3247 1148 3300 et
1162 3242 1319 3317 apostolus,

147 3348 237 3409 ,modo
253 3343 284 3407 in
297 3349 353 3407 hoc
366 3347 515 3422 proposito
530 3360 698 3418 permanere
707 3359 804 3403 secum
814 3347 959 3404 statuerit.
984 3347 1034 3405 Sin
1049 3352 1144 3406 antem
1159 3349 1233 3406 mule
1248 3351 1319 3405 actae

151 3456 217 3515 vitae
233 3469 269 3512 ex
283 3453 370 3512 eorde
386 3451 539 3523 poeniteat,
560 3451 673 3509 reniam
688 3468 706 3509 a
720 3450 783 3510 Deo
798 3453 956 3524 postulent,
971 3467 1037 3508 cum
1051 3449 1157 3514 fiducia
1171 3452 1228 3508 huc
1242 3466 1320 3509 acce

151 3561 230 3619 dant.
254 3559 297 3616 ιιι
309 3563 496 3632 posteaquem
510 3555 739 3616 adhortationem
754 3555 878 3629 finierat,
901 3556 961 3614 alta
975 3568 1044 3612 voce
1059 3554 1241 3614 exclamarit:
1263 3553 1319 3614 Ac·

151 3665 234 3726 cedat
247 3665 304 3724 huc
319 3664 426 3736 omnis,
457 3665 651 3736 cujuscunque
673 3678 723 3720 cor
745 3661 874 3720 dominus
897 3660 935 3726 ad
954 3661 1009 3720 boc
1028 3664 1124 3734 vocat,
1149 3659 1227 3733 quod
1241 3660 1320 3720 Deus

151 3777 234 3846 pater
250 3771 333 3830 nobis
347 3785 400 3844 per
414 3769 514 3828 Iesum
529 3768 674 3828 Christum
694 3766 783 3825 filium
803 3783 884 3826 suum
899 3766 972 3854 bene
987 3763 1122 3841 fortunat.
1144 3765 1322 3828 -Accedenta

152 3997 266 4042 manum
280 3983 447 4055 porrigebat
469 3981 623 4055 apopulo,
647 3981 713 4038 huic
736 3977 907 4038 eucharistia
925 3978 956 4036 in
975 3993 1090 4036 manum
1112 3971 1249 4050 dabatur,
1274 3978 1324 4050 qai

152 4092 319 4146 reverenter
333 4089 431 4160 patulo
448 4103 498 4145 ore
513 4085 681 4159 accedebat,
696 4086 763 4144 huic
777 4085 807 4143 iu
823 4101 855 4144 os
869 4100 972 4159 panem
987 4084 1115 4154 minister
1130 4081 1253 4140 immisit.
1274 4082 1320 4140 In-

152 4195 233 4250 terea
255 4191 376 4250 ecclcsia
399 4191 525 4266 psalmos
545 4192 668 4252 canebat
688 4197 719 4250 et
740 4192 901 4266 passionem
922 4188 1026 4247 Christi
1053 4188 1084 4243 in
1105 4183 1254 4258 rhythmos
1278 4187 1321 4246 di-

153 4301 271 4370 gestam,
310 4295 381 4354 Post
403 4297 628 4356 communionem
647 4313 747 4354 rursus
767 4296 914 4354 Musculus
936 4293 1035 4352 habita
1055 4291 1185 4349 oratione
1208 4289 1322 4352 Christo

154 4401 266 4462 domino
287 4417 340 4478 pro
363 4401 488 4476 acceptis
510 4399 657 4463 benefieiis
682 4402 793 4475 gratim
811 4400 870 4474 egit
890 4405 921 4458 et
934 4413 998 4457 oum
1020 4395 1219 4464 benedictione
1233 4396 1322 4456 eccle·
