3028 4894
711 301 755 370 at

144 493 258 565 patrem
271 491 301 548 et
313 488 410 562 ipsum
423 489 574 546 ventorum
589 485 628 548 ad
642 490 873 546 conservatorem
891 485 971 546 verbi
987 488 1049 560 ejus
1063 493 1093 546 et
1107 499 1172 546 eum
1185 491 1316 561 receptu·

143 601 248 654 turum.
288 591 322 653 ld
335 590 399 653 fieri
412 597 479 666 post
492 591 567 652 hanc
581 593 670 652 vitum
685 600 740 654 111.
770 594 811 653 Ε1
823 594 913 654 multa
929 591 1067 667 eiusmodi
1080 593 1222 666 praeclara
1236 591 1317 652 addi·

145 699 194 774 dit,
211 698 266 759 hac
280 697 417 759 coronide
431 712 593 756 samonem
605 698 750 773 claudens,
766 715 936 760 notaremus
949 713 1075 772 operam,
1091 702 1124 756 ut
1135 698 1254 756 verbum
1262 698 1317 758 Dei

145 821 218 879 puro
237 803 324 864 corde
345 803 525 876 audiremus,
548 803 740 876 reciperemus
755 809 785 865 et
799 805 993 879 crederemus,
1015 821 1072 877 qno
1086 803 1194 877 templa
1209 803 1273 861 viva
1289 807 1318 862 et

148 911 309 970 mansiones
324 907 380 968 Dei
395 906 574 968 efficeremur
589 913 619 967 et
634 925 652 967 a
666 909 730 970 Deo
744 925 954 970 absumeremur
970 917 1023 970 eto.
1046 911 1086 969 Et
1100 909 1240 981 completo
1256 925 1317 968 ser·

145 1032 229 1076 mone
244 1014 366 1088 populns
387 1015 484 1088 iussus
504 1012 567 1072 Deo
589 1014 688 1074 leudes
710 1020 827 1076 cantare
843 1020 872 1074 et
887 1013 990 1074 deinde
1005 1016 1127 1074 eeclesia
1149 1029 1213 1073 oum
1232 1014 1318 1074 hene·

146 1120 270 1180 dictione
285 1119 460 1180 ecclesiaste
474 1119 560 1194 hujus
575 1119 691 1178 dimissa
706 1125 758 1178 est.

233 1225 260 1284 A
275 1225 395 1298 prandio
411 1224 613 1299 wandelinus,
633 1225 737 1288 Florus
754 1233 784 1287 et
798 1227 939 1288 Melchior
955 1227 1023 1301 quid
1036 1225 1183 1286 archiduci
1198 1225 1317 1286 offeren-

143 1331 212 1390 dum
228 1331 266 1390 sit
280 1330 386 1390 chartis
400 1328 551 1406 mandant,
570 1332 595 1390 si
610 1332 659 1405 qui
674 1332 848 1392 commodius
862 1334 955 1405 ipsum
970 1332 1078 1406 ahoqui
1092 1347 1249 1405 possemus.

233 1434 344 1496 Eadem
358 1437 439 1495 venit
451 1438 623 1496 secretarius
643 1443 830 1511 cognatorum
848 1442 1012 1498 nostrorum
1027 1438 1161 1496 comitum
1181 1436 1217 1496 de
1231 1437 1316 1511 Heia,

146 1558 204 1616 quo
219 1543 249 1600 in
264 1545 341 1600 statu
355 1558 403 1600 res
419 1541 597 1601 dominorum
612 1559 729 1602 suorum
741 1548 852 1618 essent,
869 1557 1014 1616 exponens
1030 1547 1059 1600 et
1073 1558 1092 1600 a
1106 1542 1187 1600 nobis
1203 1542 1241 1601 ad
1255 1542 1318 1601 Mo-

145 1648 352 1706 nasteriensem
367 1647 520 1720 praesnlem
534 1649 634 1708 literas
654 1651 748 1723 petiit,
771 1649 840 1706 item
855 1653 887 1706 ut
902 1663 954 1720 per
969 1652 1084 1706 nostros
1098 1663 1150 1719 per
1164 1647 1318 1707 latissimos

144 1767 261 1827 campos
277 1749 439 1812 Sendtfeldt
458 1752 560 1812 deduci
582 1758 691 1826 posset,
714 1754 796 1827 ajens
818 1767 931 1826 quoque
954 1769 1006 1814 nos
1025 1767 1125 1811 rursus
1146 1753 1175 1811 in
1195 1758 1316 1812 tutorem

144 1856 320 1931 pupillorum
336 1856 372 1918 de
386 1857 463 1917 Heia
477 1857 625 1931 postulari.

234 1964 313 2022 Nota
335 1963 406 2023 dnos
426 1960 532 2023 hames
554 1977 705 2038 germanos
726 1965 887 2039 Philippum
911 1971 940 2024 et
960 1962 1198 2036 christophorum
1218 1961 1318 2022 Seldos

142 2068 207 2128 LL.
225 2069 356 2130 doomres
370 2068 508 2144 Augusta
529 2069 653 2128 civitatis
672 2070 803 2130 alumnos
822 2072 858 2131 ob
878 2074 1035 2147 spectatam
1054 2069 1084 2128 in
1099 2068 1196 2141 pueris
1211 2067 1318 2140 ingenii

142 2175 368 2249 prosperitatem
382 2175 582 2250 Fuggerorum
602 2175 744 2249 stipendio
764 2176 802 2236 ad
820 2178 872 2236 has
890 2176 1043 2250 dignitates
1057 2178 1221 2248 provectos,
1246 2189 1316 2244 quo

142 2295 210 2339 rum
224 2279 272 2338 hie
286 2280 549 2340 uoecmoellarium
565 2281 681 2340 caesaris
696 2282 766 2355 ogit,
782 2282 856 2341 alter
871 2280 937 2340 urbi
952 2297 970 2340 a
985 2279 1110 2340 consiliis
1125 2283 1177 2338 est.

235 2384 340 2444 Petrus
356 2385 560 2460 Obernburger
579 2386 609 2444 in
630 2387 803 2446 cancellaria
822 2387 866 2464 (ut
888 2383 1002 2461 vocant)
1026 2384 1141 2443 caesaris
1160 2389 1226 2456 post
1245 2383 1318 2442 vice·

143 2489 350 2550 cancellarium
365 2492 443 2552 inter
457 2490 616 2551 Germanos
630 2493 738 2565 primas
752 2497 841 2552 tenet.

236 2595 385 2656 Conradns
406 2595 522 2669 quidam
535 2597 645 2656 Hessus
665 2601 695 2654 et
710 2595 851 2670 Georgius
871 2596 907 2654 de
921 2595 989 2652 Hall
1006 2593 1139 2652 comitum
1161 2593 1198 2651 ab
1212 2592 1319 2652 Aidon-

142 2703 220 2776 burg
235 2700 408 2760 internuncii
428 2706 502 2760 sunt.
540 2701 710 2762 Franciscus
730 2701 831 2761 aHall
845 2700 983 2760 hactenus
1002 2698 1049 2757 hie
1063 2698 1142 2758 litem
1165 2698 1319 2758 contestari

143 2807 247 2866 noluit.

235 2903 345 2970 lisdem
360 2911 437 2970 intre
450 2909 551 2970 horam
567 2916 596 2972 et
610 2913 706 2985 sesqui
728 2927 839 2972 omnem
859 2913 958 2973 urbem
971 2912 1130 2987 Angustam
1148 2925 1212 2969 cum
1227 2907 1317 2969 fosse-

143 3018 201 3091 tis,
225 3015 308 3074 vallis
328 3020 358 3074 et
376 3017 580 3077 munitionibus
601 3019 753 3078 choumivi.
802 3017 878 3090 Quid
896 3023 992 3079 autem
1010 3018 1165 3078 viderimus
1184 3016 1317 3076 historio·

143 3120 256 3195 grapho
272 3121 357 3180 etiam
372 3137 430 3181 uon
445 3121 559 3183 indocto
574 3138 627 3182 nec
641 3124 757 3184 vecordi
771 3122 801 3183 id
812 3123 973 3184 describere
986 3125 1056 3184 satis
1071 3122 1178 3197 negotii
1192 3119 1318 3180 futurum

144 3227 284 3288 arbitror.

235 3330 345 3391 Eadem
359 3330 509 3406 Philippus
524 3336 554 3392 et
567 3332 696 3394 loannes
709 3333 815 3394 frames
834 3336 926 3394 nostri
940 3334 1017 3407 apud
1031 3334 1172 3394 loannem
1187 3335 1317 3393 comitem

147 3436 184 3497 de
198 3437 326 3511 ltetherg
342 3443 500 3512 euenerunt,
518 3438 633 3498 Samuel
647 3455 716 3499 vero
731 3455 821 3514 nepos
837 3440 915 3514 apud
930 3417 1146 3499 Treverensem.

235 3542 346 3602 Eadem
360 3543 390 3600 in
405 3543 503 3616 platea
516 3542 601 3603 homo
617 3543 712 3623 Turca
731 3545 813 3604 nobis
833 3544 946 3603 obviam
966 3541 1012 3614 fit,
1036 3541 1108 3600 eollo
1128 3539 1318 3600 circumdatus

147 3652 250 3721 torque
265 3645 360 3707 ferreo
376 3648 406 3707 in
420 3649 532 3722 signum
545 3656 692 3723 perpetuae
708 3650 890 3723 captivitatis.

235 3751 404 3811 Audivimus
426 3754 479 3812 sub
502 3770 613 3814 coenam
632 3755 722 3813 Italos
743 3752 876 3814 tibicines
898 3757 928 3812 et
948 3751 1094 3828 fidicines,
1119 3755 1167 3828 qui
1188 3754 1233 3814 vel
1255 3771 1319 3814 curn

147 3856 280 3931 Apolline
295 3853 399 3915 fistulis
413 3863 525 3918 certare
540 3859 709 3933 potuissent.
800 3837 804 3843 ’

235 3960 348 4022 Eodem
362 3963 415 4024 suh
434 3978 539 4025 nonam
559 3965 652 4025 noctis
674 3964 787 4039 eclipsis
801 3965 877 4026 lunae
897 3967 959 4026 visa
974 3972 1025 4026 est.
1065 3965 1120 4040 Qui
1135 3967 1217 4026 nohis
1238 3969 1319 4038 signa

148 4065 287 4142 ejusmodi
302 4066 432 4144 exhibet,
447 4071 602 4131 clementer
617 4075 720 4130 cuncta
733 4071 810 4130 mala
825 4075 946 4132 auertat.
970 4071 1071 4131 Amen.

236 4172 456 4250 DomineDans,
473 4175 510 4236 da
524 4175 653 4235 auditum
668 4176 748 4237 verbi
762 4177 805 4237 tui
817 4183 846 4236 et
860 4178 930 4237 illud
944 4178 1031 4236 corde
1047 4191 1226 4249 conseruare,
1242 4179 1274 4234 nt
1287 4181 1320 4235 tu

150 4280 178 4335 et
197 4276 274 4337 iilius
296 4281 363 4337 tuus
384 4279 468 4337 lesus
485 4278 613 4339 Christus
630 4281 706 4354 apud
727 4297 778 4341 nos
802 4282 978 4342 mansionem
1000 4279 1112 4341 ludatis
1135 4296 1197 4338 cum
1220 4285 1319 4341 sancto

151 4381 265 4458 spiritu,
283 4384 333 4462 qui
347 4384 419 4444 vivis
435 4389 464 4448 et
477 4400 582 4460 regnas
597 4389 651 4446 etc.
