2966 4900
700 313 767 382 24⁷

142 505 232 576 caput
246 501 388 574 serpentis
399 501 461 574 jam
476 498 584 563 dudum
598 499 746 572 enutrivit,
761 495 898 558 mundum
917 497 993 558 huuc
1007 499 1128 576 devicit,
1156 500 1231 560 idom
1246 518 1317 575 quo-

144 621 203 680 quc
218 620 300 664 suam
314 605 462 664 ecclesiam
478 610 507 664 et
521 605 552 663 15
566 604 611 662 his
626 604 790 679 regionibus
805 608 906 662 contra
922 603 1058 664 Sathauae
1073 621 1205 680 squamas
1221 613 1250 666 et
1263 625 1315 682 pa-

144 711 226 784 pales
241 708 374 784 strophas
389 711 420 768 15
435 726 506 769 sana
520 709 652 769 doctrina
666 713 696 767 et
710 723 879 768 conservare
895 714 925 769 et
939 711 1043 783 spiritu
1057 727 1108 770 sno
1124 709 1200 770 bono
1214 729 1316 785 regere

144 831 211 874 cum
226 816 280 876 deo
300 821 383 888 patre
405 798 529 887 regnans
552 809 699 888 dignetur,
723 814 769 870 cui
789 829 889 874 rursus
910 815 999 874 omnis
1022 817 1060 876 sit
1078 814 1186 892 bonor,
1208 817 1271 876 laus
1287 821 1316 876 et

147 922 251 994 gloria.
273 917 376 978 Amen.

233 1023 317 1084 Hanc
335 1038 416 1082 suam
434 1021 659 1084 miscricordiam
678 1021 749 1082 deus
771 1022 886 1084 abunde
906 1022 936 1082 iu
959 1024 1015 1083 hac
1037 1025 1206 1100 regiuncula
1225 1041 1315 1098 usqua

142 1129 273 1190 adhunc
292 1127 368 1186 (11555
387 1128 444 1202 xvij
461 1127 592 1188 Octobris
611 1127 691 1186 Anni
717 1128 801 1188 1555
826 1129 928 1202 patriae
943 1131 1091 1206 praestitit,
1117 1131 1163 1190 cui
1176 1135 1316 1205 perpetua

143 1235 306 1308 gratiarum
320 1232 395 1294 55515
410 1236 440 1292 55
454 1232 556 1306 gloria.
578 1231 680 1293 Amen.

235 1338 320 1398 Anno
346 1336 502 1396 salutifera
525 1335 730 1410 redemptionis
752 1343 859 1396 nostrae
884 1339 1128 1411 sesquimillesimo
1154 1339 1314 1412 quadrage-

145 1443 219 1503 simo
234 1458 310 1502 nono
325 1441 371 1500 die
386 1443 462 1504 luna
477 1443 670 1518 5555155155,
694 1459 757 1516 qnae
773 1447 836 1502 erat
851 1447 952 1502 octava
970 1443 1078 1518 Aprilis
1093 1444 1223 1502 1555555
1238 1445 1316 1502 intra

146 1547 286 1608 decimam
302 1552 331 1606 et
345 1547 522 1607 undecimam
537 1548 632 1621 horas,
650 1548 718 1608 dum
733 1549 776 1607 sol
791 1547 910 1607 5555515
925 1549 1024 1622 ariete,
1055 1548 1125 1608 deus
1140 1548 1190 1606 ille
1204 1548 1314 1608 miseri·

147 1652 311 1712 cordiarum
325 1657 423 1726 pater,
448 1652 569 1726 largitor
592 1655 717 1711 omrdum
731 1653 871 1712 bonorum
887 1654 1032 1712 comitatui
1047 1655 1113 1712 huic
1127 1651 1272 1714 benedixit
1288 1659 1317 1712 et

145 1756 263 1816 Eubulo
287 1773 323 1816 ex
345 1772 434 1817 uxore
457 1773 510 1816 555
530 1756 684 1817 Anastasia
707 1773 847 1832 prospero
870 1763 957 1832 partu
980 1756 1099 1819 filiolum
1120 1758 1241 1833 largitm
1262 1762 1315 1816 est.

146 1863 222 1922 Huic
242 1863 328 1936 igitur
349 1860 490 1922 conditori
510 1866 539 1922 et
564 1863 704 1922 servatori
725 1863 849 1922 omnium
876 1863 1031 1924 viventium
1055 1865 1085 1923 iu
1104 1865 1176 1924 Jesu
1191 1862 1314 1937 Christo,

147 1967 261 2028 domino
284 1972 313 2028 et
334 1967 489 2027 liberatore
509 1972 609 2026 nostro
631 1982 695 2024 cum
714 1984 737 2026 s.
754 1969 857 2042 spiritu
871 1975 1013 2045 perpetua
1027 1970 1064 2028 sit
1078 1969 1155 2044 1555,
1179 1971 1272 2044 gloria
1287 1975 1316 2028 et

147 2075 241 2133 omnis
255 2073 356 2132 honor.
377 2071 477 2133 Amen.
516 2071 625 2130 Dehine
644 2071 691 2130 dic
710 2072 787 2132 lunas
802 2079 868 2147 5555
882 2073 1063 2148 Modogeuiti
1084 2076 1130 2134 hic
1144 2072 1248 2134 filiolus
1264 2089 1314 2132 no·

148 2185 208 2238 ster
230 2176 441 2250 susceptoribus
463 2178 578 2237 nomine
598 2177 745 2238 Francisoi
764 2179 1060 2252 Mimigaruordansis,
1086 2179 1316 2252 Osnabrugeusis

148 2289 178 2344 55
198 2283 306 2344 Mindae
322 2283 463 2357 praesulis,
480 2279 604 2356 Georgia
618 2283 726 2357 Nagel,
747 2288 864 2356 satrapa
885 2286 915 2342 in
931 2283 1120 2364 Sassenburg‚
1136 2285 1250 2342 nomine
1264 2299 1315 2341 no-

147 2404 239 2448 vercae
261 2394 366 2448 nostrae
386 2388 498 2448 deame
524 2385 615 2446 fratre
639 2391 739 2447 nostro
761 2391 790 2446 et
807 2386 935 2446 Amoldo
960 2386 1050 2446 tratre
1070 2391 1169 2446 nostro
1192 2387 1315 2460 uterino,
1391 2460 1394 2467 Ι

147 2493 249 2554 comite
278 2494 309 2552 in
336 2489 494 2554 Steinfcrdt
518 2495 547 2550 et
573 2489 739 2565 Boutheim‚
773 2491 888 2554 domino
915 2491 1175 2565 Wevelinlrhoven,
1201 2492 1317 2550 lavacra

146 2602 336 2658 sacrosanctae
350 2596 577 2670 regenerationis
593 2595 706 2670 accipit,
730 2611 835 2654 nomeu
849 2595 890 2654 illi
905 2595 1025 2656 inditum
1041 2597 1158 2656 Frantz.
1198 2594 1316 2654 055515-

145 2718 211 2762 nem
225 2717 336 2762 sarram
345 2702 482 2774 magister
488 2699 623 2760 Albertus
630 2700 736 2775 Draco,
747 2700 925 2760 ecclesiastes
942 2701 1064 2760 dominae
1080 2716 1188 2774 socrus,
1204 2701 1313 2774 habuit,

144 2803 1315 2879 Β5555155555550511555555555515555155155155555555555555155551555

146 2911 323 2985 Gatharinae,
347 2926 445 2972 555555
468 2913 589 2984 nostrae,
617 2927 676 2970 555
696 2915 726 2970 55
744 2907 869 2970 filiarum
890 2927 1006 2970 suarum
1024 2910 1152 2968 Aemiliae
1173 2915 1202 2969 et
1223 2908 1315 2968 Anna

145 3018 259 3090 Maria,
274 3030 401 3075 necnon
416 3014 546 3089 domina,
558 3015 725 3089 Walpurgis
740 3017 838 3074 uxoris
852 3014 952 3075 fratris
967 3017 1059 3076 nostri
1072 3015 1204 3090 Arnoldi‚
1220 3016 1316 3089 Agna·
1406 3042 1409 3059 ·

146 3124 184 3181 tis
200 3122 261 3195 ejus
276 3118 343 3178 filiae
367 3125 396 3179 55
409 3120 502 3179 Annae
523 3120 746 3195 aTeckenburg
769 3119 976 3196 desponsandae
997 3123 1095 3197 nepoti
1116 3126 1215 3181 nostro
1238 3121 1314 3180 Eve-

145 3227 209 3288 rino
223 3210 346 3286 Ariroldi
360 3223 429 3284 filio.
467 3225 514 3282 Ex
528 3224 670 3288 nobilibus
686 3227 834 3287 comitatus
854 3228 945 3286 nostri
963 3228 1029 3288 huic
1044 3243 1126 3300 sacro
1142 3227 1223 3300 operi
1237 3231 1313 3284 5555-

145 3331 216 3392 bant
229 3331 412 3392 Hermannus
428 3347 446 3390 a
460 3329 680 3390 Wolmerlrusen
695 3345 758 3388 cum
773 3347 863 3391 uxore
878 3348 939 3404 sua,
961 3332 1144 3390 Hermannus
1160 3346 1178 3386 a
1193 3329 1315 3386 Zertzen

146 3437 354 3508 5555555155,
374 3435 502 3494 1555555
518 3451 536 3493 5
552 3417 723 3494 Schonstadt
745 3440 775 3492 et
793 3451 866 3493 uxor
885 3437 947 3508 ejus
962 3440 992 3493 55
1006 3431 1158 3506 praefectus
1173 3430 1314 3490 Waldeck

145 3541 273 3601 loannes
287 3557 305 3600 5
319 3539 439 3600 Η551515
455 3555 518 3598 cnm
532 3554 622 3598 uxore
637 3554 703 3611 sua,
724 3538 852 3597 1555555
868 3542 896 3596 55
911 3537 1015 3596 Daniel
1029 3553 1047 3594 a
1064 3535 1195 3594 Gcismar
1209 3532 1314 3592 iratres

145 3647 284 3720 germani,
300 3645 482 3704 Reinbardus
499 3650 530 3704 55
544 3641 686 3717 05555555
701 3658 719 3698 5
733 3640 845 3714 Dalwig
861 3646 889 3700 55
903 3639 955 3698 11111
970 3639 1027 3700 (155
1041 3640 1208 3713 Reinbardi,
1225 3640 1313 3699 1555-

146 3766 195 3810 555
210 3768 229 3810 5
243 3747 415 3824 Gaugrebcn
430 3755 460 3810 et
473 3747 549 3807 filius
564 3749 635 3821 ejns,
649 3746 831 3805 Hermannus
847 3749 877 3804 et
890 3744 998 3820 Wulpb
1015 3745 1060 3804 155
1075 3745 1111 3804 ab
1126 3744 1248 3819 Othlair,
1263 3746 1314 3805 Jo-

147 3855 233 3917 55555
249 3873 267 3914 5
282 3853 455 3928 Gratsehaft,
478 3852 587 3926 Caspar
603 3850 714 3912 Scbade
731 3849 877 3912 chunradi
891 3849 975 3926 filius,
1001 3851 1174 3912 Lebensteiu
1190 3869 1208 3909 a
1221 3851 1314 3922 Rhen,

146 3958 276 4020 Goddcrt
290 3975 308 4017 a
322 3958 555 4031 Volmerclrusen,
572 3956 682 4032 Caspar
698 3973 716 4014 a
730 3955 879 4030 Dorveldt,
895 3956 1079 4030 Meinolphus
1095 3962 1124 4015 et
1139 3955 1282 4026 (iasparus
1298 3969 1316 4011 a

146 4061 266 4136 (ioman,
287 4063 454 4124 Bernardns
476 4063 512 4122 ab
528 4061 626 4137 11555,
650 4063 780 4126 55555155
796 4061 965 4136 oppidorum
982 4060 1120 4130 borbach,
1144 4057 1313 4131 Wildnngii,

147 4167 356 4242 Sassenhausii,
372 4167 521 4242 Waldeck,
539 4165 723 4242 Sasseuberp,
741 4169 790 4241 qui
806 4172 835 4228 et
848 4181 938 4241 puero
954 4163 1030 4224 dona
1044 4164 1141 4237 largiti
1155 4165 1230 4220 sunt.
1253 4162 1313 4221 Er-

147 4276 274 4332 terorum
297 4273 412 4332 nomina
431 4271 527 4332 studio
549 4273 713 4347 supprimo,
737 4290 774 4335 ue
794 4271 873 4330 aliud
888 4284 1017 4343 quaerere
1032 4268 1140 4327 videar.
1178 4267 1272 4340 Hrn'us
1288 4273 1317 4327 et

151 4377 301 4438 historiam
315 4377 334 4438 J
336 4377 480 4448 oachimus
495 4377 653 4453 Happelius
667 4376 911 4451 Bidencappensis
926 4373 1020 4448 patria
1040 4369 1073 4433 55
1083 4372 1152 4433 civis
1167 4371 1318 4433 Corbachii
