2966 4900
678 335 744 406 23¹!

112 517 216 578 Nemo
230 523 326 580 autem
340 519 387 579 hio
400 518 503 580 aderat
516 523 623 594 preter
635 535 757 595 soernm,
773 535 893 580 uxorem
905 525 936 580 ot
948 535 1011 581 uos.
1034 520 1108 580 dote
1116 519 1297 582 Rudelstodii

116 625 161 682 16
180 623 229 682 die
244 623 316 684 Julii
334 640 411 685 auno
434 625 542 684 domini
564 625 658 684 1548.
697 624 745 684 Sio
763 625 834 684 dous
853 623 986 700 providet
1006 625 1065 685 suis
1084 624 1171 684 etiem
1190 625 1298 699 incogi-

112 727 262 801 tantibus,
278 731 324 788 oni
339 730 512 802 sempiterna
526 729 589 790 laus
604 733 634 790 et
648 729 742 803 glorio
755 730 786 788 iu
801 731 898 790 serula
912 729 1081 790 seculorum.
1105 728 1206 788 Amen.

209 833 323 894 Eadem
345 833 541 908 sigismundus
562 850 581 892 a
599 832 730 894 llolbeoh
751 834 863 895 litteras
885 835 1106 896 renuntiationis
1129 834 1223 908 sigillo
1245 849 1297 894 suo

113 937 326 999 eorroboretas
350 939 461 998 remisit
488 944 518 998 et
545 955 598 1014 per
626 937 781 1000 Otthouem
813 939 851 1000 eb
877 939 1061 1014 Euteeubog
1095 953 1148 998 nos
1178 938 1298 1000 salutari

108 1043 213 1117 jussit.

209 1147 312 1206 duetus
327 1146 416 1222 Sophi
428 1145 600 1208 Salueldiem
614 1148 653 1209 ad
661 1147 874 1223 Woldgougum
889 1149 1020 1208 comitem
1034 1153 1078 1208 est
1092 1150 1195 1210 misem
1210 1152 1240 1208 et
1253 1148 1297 1208 illi

113 1253 297 1327 injunotum,
320 1256 353 1311 ut
370 1253 535 1325 magistrum
552 1251 709 1327 Uesperum
723 1253 859 1327 Aquilam
878 1253 1050 1328 parroohum
1070 1259 1100 1313 ot
1113 1257 1294 1328 superatten-

115 1356 239 1417 deutem
253 1357 284 1415 in
299 1355 426 1416 Salreldt
442 1370 539 1416 senum
552 1357 719 1418 eddneeret

210 1460 323 1522 Eodem
343 1475 447 1523 aureos
477 1466 588 1535 sepum
609 1463 640 1522 in
661 1461 848 1523 honorarium
870 1462 997 1536 ananei
1023 1477 1076 1535 per
1099 1475 1218 1522 uxorem
1246 1460 1295 1520 de·

116 1563 228 1625 dimus.

211 1668 301 1730 Dedit
315 1665 399 1728 uobis
413 1685 512 1729 soerus
527 1669 695 1744 molossum,
716 1670 766 1744 qui
779 1670 810 1729 in
823 1669 937 1731 stabulo
951 1669 1064 1744 vigilius
1079 1673 1187 1743 ageret.
1218 1668 1297 1730 Nota

115 1773 329 1834 nudiustertius
350 1773 461 1848 legatos
481 1773 584 1834 dueum
599 1775 777 1834 Pomeranieo
796 1775 899 1834 iterum
917 1775 954 1835 ab
968 1774 1099 1850 Augusta
1118 1789 1249 1835 reversos
1265 1778 1296 1834 et

114 1879 146 1938 iu
172 1878 320 1938 Sulveldia
338 1879 497 1952 hospitatos
518 1877 616 1939 luisse.
655 1878 715 1939 Sub
736 1893 840 1938 nouem
863 1880 1000 1954 magister
1024 1879 1168 1954 desperas
1190 1877 1298 1951 Aquila

114 1982 308 2058 Augustanus
322 1984 480 2058 parrochus
501 1985 532 2043 in
548 1983 691 2044 Salveldia
710 1989 740 2044 et
759 1984 997 2060 superintendens
1017 1983 1056 2044 ed
1070 1983 1166 2044 Salam
1184 1982 1295 2042 Rudel·

117 2088 249 2148 stadium
263 2089 353 2164 veuit,
376 2090 461 2150 horno
477 2094 506 2149 et
521 2087 699 2148 doctissimus
713 2092 744 2148 et
762 2089 887 2150 omnium
905 2089 1056 2162 horarum,
1079 2091 1187 2162 preter
1200 2093 1297 2146 mmet

117 2193 304 2252 indeoentam
318 2192 517 2267 petulantium.

214 2294 392 2372 Significavit
405 2296 487 2357 nobis
503 2296 603 2356 mdom
617 2313 712 2358 eomes
726 2296 925 2372 Woldgougus
939 2312 959 2355 a
973 2293 1110 2355 Gloiohen
1124 2296 1153 2355 d.
1170 2293 1296 2354 christo

119 2403 248 2476 phorum
262 2398 439 2475 Hossman,¹
455 2403 504 2475 qui
514 2403 576 2475 jam
591 2401 629 2460 ad
643 2417 733 2462 anuos
748 2402 858 2476 aliquot
871 2401 1062 2462 illustrissimo
1076 2399 1183 2458 loanni
1195 2397 1297 2458 Fride-

118 2507 184 2565 rioo
199 2505 316 2566 electori
331 2506 396 2565 duci
412 2506 545 2581 Saxonioe
561 2522 579 2565 o
593 2506 775 2567 concionibus
790 2508 880 2566 saeris
894 2505 962 2581 init,
979 2506 1040 2579 ejas
1055 2503 1151 2564 aulam
1166 2502 1297 2562 edomia

119 2610 291 2684 captivitato
305 2615 434 2685 secutus,
455 2614 523 2670 ente
538 2625 645 2683 paucos
659 2609 726 2670 hinc
749 2611 811 2671 dies
831 2612 946 2672 oaeseris
957 2611 1041 2684 jussu
1055 2607 1214 2681 Augustam
1229 2604 1296 2664 reli·

119 2713 220 2787 quisse
234 2716 264 2772 et
283 2714 337 2773 heo
350 2715 414 2788 ipsa
433 2720 516 2776 noete
534 2715 565 2774 iu
580 2713 723 2774 Salveldie
741 2719 947 2788 pernoctatum.
987 2714 1034 2774 Sie
1052 2717 1148 2774 autem
1169 2710 1295 2770 suasisse

121 2817 243 2890 dieitur,
263 2823 297 2876 nt
310 2823 449 2880 matrone
463 2819 591 2880 honestae
606 2835 696 2895 opera
710 2825 883 2894 personatus
897 2834 933 2878 ae
946 2817 1037 2878 barba
1052 2817 1082 2874 in
1097 2814 1236 2874 eorvioem
1249 2829 1296 2874 re·

121 2917 201 2979 flexa
215 2921 346 2983 muliebri
360 2929 465 2982 ornatu
481 2929 510 2984 at
524 2927 629 2985 amiota
643 2925 769 3000 indutus,
787 2924 856 2984 dato
871 2923 913 2982 illi
928 2922 959 2982 iu
972 2923 1028 2982 hoo
1041 2920 1180 2994 vehiculo,
1197 2919 1238 2978 sie
1251 2919 1295 2978 in-

122 3025 254 3099 cognitus
268 3028 367 3087 urbem
381 3043 513 3102 egressus
528 3032 573 3090 sit.
612 3030 695 3090 Nune
715 3034 811 3090 autom
830 3033 910 3090 reete
924 3027 1092 3090 Wimariam
1112 3023 1151 3084 ad
1165 3023 1297 3086 electoris

122 3127 199 3188 lilios
214 3130 334 3192 tendere
350 3133 463 3194 dicitur.
961 3143 963 3146 ·

213 3235 285 3295 ltem
308 3235 385 3298 fama
405 3245 539 3300 temtans
559 3245 603 3300 est
621 3239 752 3300 ciuitates
775 3238 908 3298 Saxouiae
927 3241 957 3296 et
977 3252 1026 3298 ees
1047 3236 1096 3310 qui
1116 3251 1148 3294 se
1168 3234 1204 3294 do
1227 3249 1296 3294 oon·

123 3339 215 3399 sortio
236 3340 337 3402 Hanso
366 3343 527 3416 gloriantur
553 3357 653 3402 rursus
682 3343 719 3403 de
746 3340 970 3416 redintegrando
993 3338 1102 3399 foedere
1130 3332 1297 3398 sollioitos¹

123 3458 201 3517 esee,
217 3459 249 3504 se
264 3446 359 3506 omnia
373 3444 512 3523 nmmos,
534 3465 598 3523 quaa
613 3463 704 3508 oaeser
718 3445 755 3506 ob
769 3447 820 3520 iis,
836 3451 896 3504 tam
909 3443 1060 3504 feordtotes
1075 3457 1161 3514 quam
1175 3456 1298 3512 corpora

123 3555 311 3626 conternent,
323 3551 436 3626 iubeat,
457 3569 555 3614 rorum
571 3549 800 3611 consideratione
816 3547 936 3622 periculi
950 3547 1110 3606 animarum
1124 3546 1202 3618 ipsus
1218 3544 1297 3604 head

123 3667 209 3725 posse
223 3654 399 3716 interimenti
415 3657 530 3716 interim
545 3655 716 3716 consentire.
747 3653 818 3712 Haeo
833 3667 865 3712 se
879 3653 921 3712 ito
934 3650 1042 3712 habere
1057 3649 1085 3710 d.
1101 3649 1208 3724 Aquila
1222 3665 1293 3725 quo·

124 3771 181 3828 que
195 3756 382 3820 confirmavit.

212 3860 259 3922 De
273 3869 351 3925 statu
365 3865 485 3926 senioris
502 3863 634 3926 eleotoris
648 3864 689 3924 sie
704 3877 736 3922 se
751 3877 799 3922 res
814 3859 910 3922 habet.

214 3967 244 4026 iu
257 3967 328 4026 Julii
347 3971 476 4043 proxime
496 3969 609 4042 elapsa,
629 3969 683 4030 hoo
705 3971 749 4028 ost
769 3966 815 4026 dio
835 3966 916 4027 lovis
938 3969 1005 4042 post
1023 3966 1154 4027 Udalrioi
1172 3977 1300 4022 oaeserea

125 4069 260 4142 majestas
275 4072 420 4133 dominum
438 4073 474 4134 do
490 4072 671 4136 Grandevele
689 4090 753 4134 oum
773 4071 884 4133 duobus
903 4069 970 4132 filiis
985 4077 1015 4131 ot
1028 4071 1175 4131 dootorem
1189 4065 1299 4141 Philip-

705 4281 721 4317 *

200 4407 213 4454 1
235 4399 398 4454 Hoffmann?
453 4406 468 4453 2
488 4399 657 4455 ieollioitae?
675 4397 810 4467 pollicitos
828 4411 887 4450 esee
905 4410 942 4448 se.
