2966 4900
654 341 720 411 22¹2

88 526 180 587 felici
193 541 291 587 rerum
304 537 438 585 successu
453 530 483 584 ot
497 524 604 585 invidia
623 541 682 586 non
702 527 794 586 solum
814 527 902 586 oanis
920 527 1054 603 lippiunt,
1079 527 1130 588 sed
1144 527 1274 589 omnibus

94 635 193 708 talpis
209 639 239 692 et
252 633 371 692 Tiresiis
385 633 553 690 cacutiores
569 637 644 691 suut.
667 631 842 706 Recordare,
859 632 981 708 domine,
998 637 1028 692 et
1042 635 1153 708 respice
1168 649 1273 707 oppro-

90 738 199 798 brium
213 747 364 798 semmam
378 743 508 811 tuorum,
523 735 665 796 humiliati
680 739 756 796 enim
769 753 867 796 sumus
882 738 979 812 nimis,
1001 741 1035 796 ut
1056 739 1127 812 quid
1140 738 1273 812 blasphe-

92 848 202 903 matur
215 859 319 902 nomen
334 847 420 901 tuum
434 859 492 902 non
507 843 598 902 solum
612 843 689 901 inter
703 849 818 918 gentes,
843 860 908 917 qnae
930 859 989 904 non
1011 849 1153 905 noverunt
1171 860 1276 904 nomen

91 955 199 1022 taum,
215 948 269 1008 sad
281 949 360 1007 inter
373 953 402 1006 at
417 947 455 1006 ab
468 949 521 1022 iis,
538 948 587 1020 qui
601 953 717 1022 taran,
732 951 847 1008 creator
860 948 926 1007 aoeli
942 952 971 1007 et
984 952 1085 1024 terre,
1108 949 1229 1008 divisum
1244 964 1275 1008 se

93 1053 255 1128 irnperimn
269 1053 377 1112 habere
388 1056 500 1128 putant,
516 1052 741 1112 contaminantes
756 1054 923 1128 sanguinem
938 1053 1104 1114 crucifiniin
1117 1071 1171 1114 sua
1184 1057 1274 1129 stupi-

95 1159 222 1216 dissima
237 1159 378 1232 supientia
393 1157 559 1232 gloriantes.
598 1157 739 1216 Oonverte
760 1163 789 1216 et
810 1162 921 1233 erema,-
941 1159 1067 1234 domine,
1090 1166 1174 1235 pater
1189 1161 1274 1221 coele-

96 1265 166 1338 stis,
184 1278 244 1336 per
259 1262 403 1322 Christum
418 1261 517 1322 desum
533 1263 677 1322 dominum
692 1269 830 1322 nostrum.
853 1263 955 1323 Amen.

197 1367 262 1428 Hac
275 1365 323 1426 dia
337 1367 448 1425 nullum
461 1383 497 1427 ax
511 1365 650 1428 Wimaria
664 1367 797 1426 nunciam
812 1370 899 1429 venit.

196 1473 291 1532 xdnii
311 1472 475 1533 volebamus
494 1473 611 1547 quidem
625 1473 894 1546 Blanckenbnrgum
913 1475 973 1548 ire,
997 1486 1096 1534 rerum
1111 1474 1175 1534 aliis
1190 1489 1277 1549 nego·

98 1578 157 1637 ciis
173 1577 304 1652 impediti
318 1589 424 1636 snmus.
463 1579 635 1639 Volebamus
649 1580 718 1639 item
732 1580 763 1636 in
776 1580 884 1654 templo
899 1578 997 1653 oppidi
1012 1593 1048 1638 ex
1062 1579 1181 1638 vetustis
1195 1579 1277 1638 libris

98 1683 293 1742 monumenta
308 1683 439 1756 quamn
454 1685 610 1759 expiscari,
633 1697 732 1743 rernm
746 1683 848 1756 qmaa
867 1683 1028 1744 senioribus
1048 1685 1165 1744 seclusae
1185 1690 1276 1758 erant,

99 1787 337 1861 ludimagistrum
351 1789 530 1863 rogavimus,
549 1795 583 1849 ut
600 1791 649 1850 ille
670 1790 765 1864 petitis
780 1787 907 1848 daubus
921 1786 1061 1846 librorum
1075 1789 1181 1863 primas
1196 1790 1276 1863 pagi·

100 1909 159 1953 naa
175 1893 334 1966 inspiceret
347 1894 487 1978 ac‘lncltis,
502 1893 612 1968 siquid
626 1896 768 1955 inueniret
783 1893 931 1968 ejusmodi,
947 1893 1097 1954 indicaret.

163 2031 165 2035 ,
197 1994 329 2058 Vidimus
347 1995 377 2056 in
402 1996 507 2072 oppido
527 1997 604 2059 tedes
620 1995 797 2078 (ut'vocant)
810 1999 1005 2074 parrochiales
1020 2000 1158 2060 habentes
1180 1998 1277 2058 hiber-

103 2104 213 2162 nacula
228 2101 385 2176 duodecim,
394 2102 512 2162 cellaria
526 2109 725 2164 concamerata
739 2105 804 2178 plus
817 2105 910 2164 minus
925 2119 976 2163 sex
989 2105 1036 2164 rel
1050 2111 1168 2178 septem,
1184 2105 1279 2164 aulam

104 2214 135 2266 et
149 2205 273 2280 culinas,
289 2219 354 2280 quea
368 2207 414 2266 uel
428 2207 552 2281 principi
566 2207 740 2282 sufficerent,
761 2214 848 2280 atqua
863 2209 926 2267 haec
940 2214 1008 2268 ante
1022 2214 1189 2268 renovatam
1202 2223 1278 2282 prue-

105 2313 283 2372 dicationem
304 2312 444 2386 evangelii
466 2311 548 2370 sedes
567 2308 623 2372 fuit
641 2313 899 2386 archipresbyteri,
921 2326 985 2386 quae
1000 2310 1124 2386 dignitas
1139 2317 1205 2386 post
1219 2311 1278 2370 sui·

106 2415 281 2492 iraganaum
296 2421 326 2476 ot
339 2413 491 2477 officialem
505 2415 731 2476 Erdindiensom
745 2417 776 2475 ln
790 2421 884 2476 tractu
900 2415 1121 2477 Orlamnndensi
1140 2418 1216 2476 inter
1229 2433 1280 2489 pa.

107 2521 239 2594 pisticae
252 2523 345 2593 prima
364 2519 433 2596 fuit,
461 2527 491 2581 et
513 2522 647 2582 adhunc
666 2520 839 2595 parrochum
854 2522 947 2596 primo
966 2519 1171 2582 deferebantur
1185 2537 1278 2581 causac

107 2627 269 2687 vicinorum
284 2625 464 2687 sacerdotum
480 2633 533 2688 ata.

174 2749 176 2756 ’
200 2726 364 2805 Aprandiu
382 2732 413 2790 in
432 2731 596 2791 nemoribus
618 2737 699 2791 trans
718 2731 911 2792 Schwartzam
929 2745 1041 2792 amnem
1063 2732 1177 2791 venatio
1200 2731 1280 2790 insti·

107 2839 174 2897 tuta
190 2842 261 2896 erat.
299 2836 375 2910 Quia
395 2852 465 2897 vera
482 2839 574 2912 major
589 2851 657 2912 pars
671 2835 801 2896 meridiei
823 2837 1003 2910 praeterierat
1022 2842 1051 2897 et
1065 2837 1140 2896 retia
1154 2835 1280 2896 nondum

108 2945 196 3001 tensa
209 2947 294 3002 urant
309 2949 338 3003 et
352 2943 534 3002 metuebatur
548 2944 728 3002 venationem
743 2943 774 3000 in
788 2943 907 3002 multam
917 2948 1030 3002 nomem
1044 2946 1219 3018 protractam
1234 2941 1280 3016 iri,

109 3061 187 3107 uxor
201 3053 232 3106 at
244 3047 414 3121 Margareta
428 3046 466 3107 de
479 3045 649 3108 wildeniels
668 3047 816 3108 nobiscum
836 3047 875 3108 ad
895 3048 1045 3109 visendam
1059 3048 1282 3121 Blunekenburg

111 3147 301 3212 diverterunt.
345 3152 399 3210 Fet
425 3156 520 3211 autem
542 3152 751 3228 Blankenburg
777 3171 830 3214 arn
856 3157 969 3216 uetusta
997 3155 1080 3216 sedes
1107 3155 1282 3216 comituma

111 3254 346 3334 Schwarttburg,
372 3259 428 3318 sita
441 3259 472 3316 in
487 3259 595 3318 vertice
609 3260 749 3319 altissima
766 3261 884 3333 montis,
908 3259 945 3320 ad
959 3261 1108 3342 nemusque
1123 3261 1226 3320 montis
1241 3260 1282 3318 la-

112 3367 165 3421 tus‘
181 3363 287 3435 ¹uinctis
309 3363 445 3438 superba,
471 3368 653 3438 conspectum
680 3363 789 3424 habens
803 3365 1049 3424 ‘amoenissimum
1094 3363 1142 3422 Ad
1170 3363 1282 3421 radices

114 3469 221 3526 montis
234 3468 334 3528 cidtas
348 3473 393 3530 est
406 3467 533 3541 ejusdem
546 3475 616 3526 cum
624 3480 691 3527 arce
705 3469 835 3528 uomina
858 3466 929 3526 Haec
942 3469 1051 3526 recenti
1064 3468 1210 3526 hominum
1223 3482 1283 3525 me·

114 3573 266 3632 moria'ter
279 3569 504 3647 mndagmtiona
519 3587 593 3647 pene
608 3571 704 3646 periit,
716 3575 746 3630 et
760 3585 824 3628 oum
837 3571 964 3630 secundo
978 3570 1040 3631 iere
1055 3587 1091 3631 ex
1105 3572 1219 3645 integro
1234 3587 1281 3630 re·

15 3717 16 3760 3
115 3673 257 3736 amicus
279 3682 369 3751 esset,
394 3677 546 3736 sablmnea
565 3673 789 3748 conmgracons
807 3667 911 3734 iterum
929 3677 1077 3738 combusta
1091 3681 1143 3738 est.
1182 3677 1283 3738 Tertio

15 3795 16 3802 ¹
115 3795 185 3840 vero
198 3782 428 3856 idem-perpessa
447 3782 598 3842 clementia
617 3782 709 3842 soceri
729 3781 821 3839 nostri
839 3781 950 3840 comitis
971 3781 1225 3858 aSchwartnburg
1239 3785 1283 3843 in·

16 3875 17 3882 '
117 3886 198 3960 eade,
211 3901 274 3960 ouo
286 3887 377 3946 levius
392 3877 561 3946 rearlifioatl
576 3887 645 3947 urbs
659 3891 766 3961 posset,
789 3901 890 3946 omnes
902 3885 1045 3963 redditas,
1077 3888 1174 3948 debita
1189 3891 1218 3945 ct
1232 3889 1284 3945 tri-

17 3993 18 4010 *
117 3987 231 4050 butam
245 3979 425 4066 septennium
440 3993 561 4053 remissa
576 3998 651 4068 sunt,
672 4006 729 4066 qua
742 3990 782 4050 de
796 4005 883 4052 musa
897 3997 927 4052 at
939 3984 1046 4052 factam
1059 3999 1114 4066 est,
1130 3997 1163 4049 ut
1175 3990 1284 4050 Rudel·

119 4095 204 4155 stadt
214 4095 338 4157 dominae
357 4097 521 4157 catharinae
544 4097 618 4156 hanc
642 4097 680 4158 ob
702 4111 764 4156 uem
786 4101 816 4155 et
838 4097 917 4170 quod
942 4097 1061 4156 mascafl
1083 4093 1204 4154 heredes
1227 4109 1285 4152 non

119 4205 302 4274 superassent
316 4187 455 4262 advitam
469 4201 559 4275 ipsius
573 4191 779 4274 possidendmu·
800 4202 1007 4261 cum‘cmnilrus
1022 4199 1207 4274 proventibus
1223 4199 1284 4272 eJus

121 4301 216 4364 datum
230 4307 278 4366 sit.
300 4307 412 4366 'Tendit
422 4313 519 4366 artem
526 4305 747 4379 Blanckenburg
762 4305 908 4378 quondam
923 4317 1016 4364 eomes
1030 4303 1284 4377 aschwarlzbmg,

120 4409 335 4486 miaogncnen
349 4409 409 4472 aa
420 4410 473 4472 der
487 4399 699 4486 semburgo.
722 4404 899 4473 aratam
909 4425 963 4470 arn
975 4409 1147 4485 pomoerium
1162 4414 1191 4470 et
1205 4414 1285 4470 ante·

1002 4514 1041 4574 15
1057 4511 1073 4550 *
