3028 4894
782 317 827 384 74

219 503 288 577 bus,
317 501 410 564 Deum
437 506 468 562 et
488 501 593 562 ostium
616 499 761 564 Christum
787 499 905 562 assidue
928 503 1074 576 pulsemus
1095 505 1157 564 sine
1183 499 1397 562 intermissione

220 615 347 682 orentes,
363 607 435 667 nihil
449 604 612 666 dubitantes
627 621 681 666 noe
695 623 747 680 per
762 603 908 668 Christum
922 609 1062 670 exaudhi.

308 711 420 772 Eadem
441 709 520 786 epud
538 710 759 772 Atrebatensem
781 712 963 773 sollicitatum
982 717 1036 788 est,
1053 714 1103 787 qui
1117 727 1292 788 quenquam
1305 709 1342 769 de
1354 711 1398 770 vie

218 817 364 878 declinere
388 816 490 889 vellet,
516 816 750 876 amenopolis
772 822 945 890 praeventus.
976 819 1112 880 Nondum
1133 817 1255 878 audivit
1271 815 1398 874 cosma

219 925 363 997 majestas,
371 923 472 996 inquit.
488 921 558 979 Haeo
569 919 702 994 sibyllino
713 919 856 982 lolliouls¹
865 938 917 982 nos
933 904 1198 997 apprehenderem
1213 922 1302 982 abire
1318 933 1397 994 opor-

221 1029 285 1086 tuit.
315 1027 425 1086 Eodem
439 1024 532 1084 iectus
547 1030 591 1084 est
605 1025 686 1090 nobis
701 1027 814 1087 obviem
828 1027 923 1086 Julius
938 1025 1030 1102 paug,
1047 1029 1232 1102 Numburgae
1248 1026 1291 1086 cd
1307 1024 1398 1084 snm

219 1136 254 1192 ct
264 1132 346 1192 zitise
362 1132 522 1206 episeopus,
538 1128 693 1191 Amatoris
704 1133 765 1205 jem
779 1132 905 1192 secundo
920 1139 1098 1207 surrogatus.

309 1237 477 1312 Opportune
497 1251 612 1310 quoque
635 1235 735 1296 doctor
750 1236 898 1312 Philippus
913 1238 981 1298 Seld
1005 1237 1117 1298 obviem
1139 1237 1227 1298 nobis
1245 1233 1291 1310 fit,
1317 1248 1399 1308 quem

220 1342 323 1404 obnixe
337 1341 519 1416 rogabamus,
536 1346 568 1400 ιι
587 1341 665 1416 opud
679 1340 898 1402 Atrebatemem
912 1345 1046 1418 instaret,
1070 1345 1095 1404 si
1110 1359 1167 1417 que
1189 1357 1287 1403 cansa
1301 1342 1399 1398 nostre

219 1446 255 1508 ad
271 1448 473 1522 imperatorem
496 1445 602 1508 deferri
622 1452 727 1522 posset.
758 1447 813 1520 Qui
831 1449 989 1524 respondit,
1016 1464 1048 1508 se
1062 1465 1196 1525 sperasse
1208 1450 1278 1522 jam
1295 1443 1398 1505 dudum

219 1549 386 1612 hocfuotum
398 1568 470 1625 esse,
486 1559 674 1626 posteaquem
687 1553 810 1626 nosjem
825 1552 991 1614 obedientes
1006 1571 1075 1628 erge
1089 1569 1248 1614 oaesareem
1263 1551 1396 1623 majeste-

218 1664 276 1720 tem
290 1659 532 1732 prestitissemus.
570 1658 676 1716 Verum
690 1656 721 1716 id
734 1659 822 1718 moris
845 1665 901 1729 est,
923 1659 1030 1732 inquit,
1052 1659 1139 1732 hujus
1152 1659 1242 1750 sulm,
1268 1649 1397 1715 homines

219 1777 300 1823 more
315 1763 437 1822 enecari.
462 1761 493 1820 Si
507 1766 604 1820 eutem
618 1761 679 1834 ipse
694 1761 724 1819 in
739 1759 792 1820 hoc
806 1777 839 1820 re
852 1762 922 1835 qnid
936 1759 1032 1822 iecere
1047 1750 1160 1837 queam,
1178 1759 1315 1835 spondeo
1331 1772 1396 1832 gre·

219 1867 267 1926 tiae
291 1869 395 1926 vestrae
421 1879 512 1924 meam
540 1881 667 1940 operam.
711 1865 836 1928 Polliciti
862 1881 957 1928 sumus
985 1869 1086 1943 igitur,
1118 1871 1149 1926 et
1169 1883 1224 1926 nos
1249 1845 1394 1926 relaturos

219 1970 349 2047 metium

307 2074 432 2136 Haedis
446 2072 585 2134 archidux
599 2074 770 2136 balneosuo
784 2079 896 2152 peregit
914 2085 944 2136 et
957 2092 1056 2138 rursus
1071 2078 1101 2136 in
1115 2077 1226 2136 curiam
1243 2089 1328 2159 suam
1342 2069 1392 2130 mi·

219 2185 354 2256 araturus
370 2180 483 2252 dicitur,
499 2184 688 2253 opereturque
702 2197 802 2240 rursus
816 2182 992 2243 audientium
1007 2183 1052 2258 (ut
1065 2179 1182 2256 vocant)
1198 2180 1284 2241 dure
1308 2175 1394 2238 Libo

212 2286 264 2345 rio
283 2291 313 2346 et
326 2285 496 2346 Wandelino
518 2286 676 2359 injunctum
696 2292 749 2358 est,
773 2293 804 2346 ιιι
825 2303 844 2347 e
864 2288 987 2361 prandio
1009 2286 1125 2347 Seldum
1145 2287 1252 2346 iterum
1275 2282 1390 2343 edeam.

219 2373 452 2468 Augustodurum
465 2390 573 2466 turgidi
586 2391 671 2451 loculi
685 2407 785 2451 rursus
799 2391 960 2466 emulgendi
974 2391 1116 2452 dicuntur.
1146 2391 1222 2450 Nem
1240 2390 1392 2463 episcopos

219 2513 273 2571 pro
295 2512 348 2557 sne
369 2497 569 2570 iurisdictione
595 2496 733 2556 hactenns
756 2497 913 2570 intercepte
938 2511 1070 2569 megnem
1097 2495 1227 2569 pecunia
1252 2503 1390 2554 summum

219 2604 299 2677 petit.
330 2603 385 2662 Hic
400 2608 464 2663 erat
478 2604 627 2664 vicesimus
643 2602 704 2662 dics
716 2602 793 2676 quod
807 2601 885 2675 opud
900 2599 1054 2662 oonossinm
1064 2601 1212 2673 imperiale
1226 2598 1325 2660 auditi
1338 2592 1390 2654 fui·

220 2723 292 2782 mus,
308 2723 361 2768 neo
374 2709 486 2768 interea
500 2710 638 2783 temporis
653 2723 687 2770 eo
701 2706 867 2768 intromissi.

308 2812 420 2873 Eadem
428 2811 551 2872 famulus
558 2812 738 2874 dominorum
746 2808 1022 2874 dellenderecheidt
1030 2806 1126 2868 ednos
1133 2821 1268 2868 reversus
1278 2809 1333 2878 est,
1343 2802 1390 2877 qui

222 2916 431 2977 Theodericum
445 2923 558 2991 petrem
572 2917 744 2977 Theudorici
760 2914 854 2976 affinis
869 2916 1006 2976 nostri'in
1016 2911 1202 2986 &cneuburg
1215 2910 1323 2972 Eiffliee
1338 2921 1386 2981 pu

220 3019 311 3091 degre
326 3020 494 3080 decumbere
509 3021 566 3086 eit.⁸
582 3017 706 3080 Affinem
722 3036 792 3080 vero
807 3025 838 3078 et
850 3035 980 3080 sororem
998 3023 1126 3080 nostram
1139 3016 1256 3076 Ericem
1270 3011 1388 3076 nuncin

220 3123 459 3184 Menderscheidt
480 3124 595 3198 degere.
633 3123 748 3184 Annam
769 3126 878 3197 neptim
891 3131 1027 3184 ¹nostram
1049 3139 1084 3182 ex
1105 3137 1205 3182 sorore
1225 3135 1291 3181 esse
1312 3110 1387 3190 apud

219 3226 339 3289 fratrem
354 3233 481 3288 nocuum
496 3229 641 3287 uterinum
656 3227 814 3288 Arnoldum
829 3230 961 3288 comitem
974 3229 1004 3288 in
1020 3223 1168 3288 Stenfurdt
1181 3232 1212 3286 et
1225 3220 1384 3286 Boutheim

220 3333 365 3396 dominum
386 3335 416 3392 in
430 3333 634 3406 chelkoven,
657 3333 874 3408 Margarethum
893 3335 978 3396 matri
996 3332 1146 3412 inseruire.
1179 3329 1385 3396 Theodericum

221 3445 355 3515 nepotem
376 3445 506 3500 nostrum
529 3441 559 3498 in
581 3437 816 3500 Mandemoheidt
838 3437 892 3502 sub
920 3436 1075 3511 paedagogo
1099 3435 1192 3496 literis
1212 3432 1383 3510 incumbere·

222 3545 298 3606 Huic
312 3544 418 3607 famulo
433 3545 568 3607 mandate
583 3544 621 3606 ed
635 3559 762 3606 sororem
776 3548 904 3603 noemam
918 3545 947 3600 et
962 3540 1077 3600 comites
1092 3554 1159 3598 suos
1173 3539 1312 3601 dedimus.

309 3649 419 3710 Eedem
434 3651 509 3714 inter
524 3655 652 3712 octavum
672 3656 702 3710 et
721 3665 825 3712 nonem
847 3645 1072 3721 pomeridiennm
1086 3658 1137 3710 rex
1152 3645 1278 3716 Thilbis,
1303 3651 1382 3715 ‘1¹1⁰'ss

221 3751 271 3812 elii
287 3749 468 3827 Carthaginis.
481 3757 577 3828 potius
591 3771 690 3829 regem
704 3759 817 3828 putent,
833 3752 933 3811 lectica
947 3755 1118 3808 vectuaeum
1131 3749 1223 3808 altero
1238 3749 1300 3822 dns
1313 3743 1381 3804 file

213 3871 285 3915 'rom
308 3857 410 3928 exiguo
430 3857 564 3917 satellitio
588 3859 739 3919 comitatus
758 3858 916 3931 Augustum
936 3856 1023 3914 venit.
1058 3853 1135 3914 Gens
1155 3851 1380 3927 semstbiopiee

222 3960 303 4033 cnjus
317 3961 436 4020 uestitus
452 3961 575 4020 Turcam
590 3960 710 4021 redolet.
1145 3957 1167 4043 J

309 4065 473 4126 Redenmes
488 4064 525 4126 ad
538 4064 692 4138 hospitium
715 4063 836 4124 vidimus
850 4064 1034 4128 Ambrosium
1047 4065 1169 4128 Ammun
1189 4063 1315 4138 jndicem
1327 4059 1380 4120 lit·

223 4171 359 4244 tisbona,
383 4187 419 4230 ex
440 4187 496 4243 quo
517 4169 652 4229 sciscitati
671 4183 768 4228 sumus
784 4167 819 4228 de
834 4175 911 4232 stetu
925 4171 1046 4246 Pergeri
1059 4171 1181 4245 hospitis
1196 4170 1289 4237 noemi
1303 4173 1332 4228 et
1343 4161 1380 4222 oi·

797 4299 813 4334 *

298 4388 309 4432 1
330 4386 342 4434 i
361 4384 459 4438 foliola
