2940 4900
658 329 721 401 lii

70 504 167 573 Nam
192 515 254 574 sive
277 515 409 589 vivimus,
434 515 547 574 domiuo
569 515 704 590 vivimus,
728 517 787 574 sire
809 517 959 592 morimur,
984 517 1098 579 domino
1121 519 1267 582 morimur.

71 620 155 678 Sive
175 620 266 693 igitur
281 621 416 693 vivamus,
439 621 500 678 sive
514 621 678 694 moriamur,
703 620 810 679 domini
829 639 934 682 sumus.
970 623 1005 682 In
1023 625 1079 682 hoo
1098 625 1174 682 euim
1189 625 1271 684 Chri·

72 729 150 781 stus
173 731 205 782 et
227 730 357 783 mortuns
379 729 423 782 est
444 730 473 782 et
492 725 651 784 resurrexit
672 732 702 784 et
722 727 839 801 revixit,
863 733 896 786 ut
916 705 1036 786 mortuis
1056 727 1270 787 aspirantibus

71 826 279 886 dominetur«
295 831 350 884 etc.
369 827 497 900 Repetiit
510 829 611 902 primo,
629 843 693 901 quse
707 831 841 889 hesterno
857 830 904 889 die
919 829 1066 890 docuerat.
1086 829 1199 889 Deinde
1214 829 1268 889 ait:

72 932 212 990 Utinam
237 932 327 1004 probe
348 930 411 988 haec
430 933 554 1004 apostoli
573 933 661 991 verbs
681 933 922 1006 perpenderemus
944 939 973 993 et
991 950 1091 993 verum
1106 950 1139 993 ac
1153 935 1269 992 unicum

73 1036 241 1096 dominum
262 1041 392 1094 nostrum
413 1034 677 1094 JesumChristnm
700 1053 932 1112 agnosceremus,
960 1041 1165 1112 recogitantes,
1190 1038 1269 1112 quod

74 1141 116 1213 is,
146 1141 198 1198 eui
218 1139 409 1199 obedientiam
428 1145 567 1214 praestare
583 1145 723 1214 tenemur,
739 1147 769 1200 et
789 1157 846 1200 non
867 1144 909 1202 ita
923 1143 1042 1202 invicem
1062 1159 1115 1202 uos
1131 1143 1270 1202 derebus

75 1243 204 1302 irivolis
217 1243 420 1317 judicaremus.
451 1244 671 1316 Perpauoissimi
687 1261 723 1304 ex
741 1246 824 1306 uobis
839 1253 915 1320 sunt,
932 1247 980 1318 qui
997 1262 1112 1304 causam
1126 1247 1269 1320 passionis

77 1354 111 1406 et
127 1348 357 1407 resurrectionis
373 1347 487 1422 Christi,
511 1364 595 1420 quam
615 1348 662 1406 hic
676 1349 784 1408 Paulus
804 1350 896 1424 ponit,
918 1349 1112 1422 considerant,
1135 1349 1269 1406 nimirum

77 1445 172 1524 quod
192 1451 323 1510 Christus
342 1453 373 1509 iu
391 1451 468 1510 hunc
487 1447 623 1512 mundum
643 1455 731 1528 venit,
756 1453 833 1526 quod
853 1470 905 1513 nos
924 1453 1068 1512 redimens
1088 1453 1217 1512 vivorum
1238 1456 1268 1510 et

76 1561 273 1615 mortuorum
295 1557 499 1616 dominaretur.
536 1557 632 1616 Taceo
654 1559 783 1632 inquam,
808 1557 879 1632 quid
900 1557 982 1616 nobis
1003 1573 1061 1616 uon
1083 1556 1119 1616 de
1141 1554 1268 1616 secundo

77 1658 159 1718 iidei
177 1660 298 1719 articulo
315 1661 457 1720 obveniat.
486 1662 525 1718 Et
544 1659 688 1719 inlesum
704 1660 848 1720 Christum
863 1659 952 1719 filium
967 1662 1112 1721 dominum
1126 1665 1266 1733 nostrum,

79 1765 137 1836 qui
155 1770 286 1823 nostum
302 1781 368 1824 care
384 1767 568 1841 comparauit,
592 1782 650 1824 non
665 1767 803 1839 sanguine
823 1767 977 1825 vitulorum
996 1771 1025 1824 et
1038 1766 1191 1838 hircorum,
1215 1762 1266 1822 sed

80 1883 140 1926 sno
158 1868 252 1940 ipsius
267 1871 396 1941 precioso
412 1871 560 1944 sanguine,
576 1874 608 1928 ut
622 1886 658 1928 ex
673 1871 763 1929 Paulo
778 1871 816 1930 ad
827 1869 989 1929 Corinthios
1006 1876 1034 1928 et
1049 1885 1085 1927 ex
1099 1869 1220 1942 epistola
1235 1867 1264 1926 d.

80 1972 175 2030 Petri
189 1973 284 2044 prima
298 1973 397 2045 liquet.
429 1973 475 2031 Sic
484 1989 605 2048 ,quoque
626 1973 763 2047 baptizati
778 1991 874 2032 smnus
890 1975 920 2032 in
935 1975 1048 2033 nomine
1062 1974 1153 2048 patria
1169 1979 1199 2032 et
1213 1970 1266 2030 filii

1 2087 2 2144 l
82 2082 116 2134 ct
132 2077 257 2148 spiritus
273 2094 295 2134 s.
318 2078 374 2135 Hic
388 2077 614 2136 dominusJesus
630 2079 713 2138 datus
729 2084 773 2136 est
787 2078 869 2150 nobis
885 2095 937 2150 pro
953 2079 1101 2152 aduocato,
1117 2078 1265 2150 icauna,

1 2158 2 2170 ἵ
81 2185 115 2238 et
130 2181 224 2238 unico
238 2180 404 2260 mediatore.
442 2182 528 2240 Hunc
547 2183 584 2241 ob
598 2184 790 2242 reverentiam
809 2200 890 2242 suam
906 2188 1035 2242 orantem
1048 2198 1102 2254 pro
1118 2180 1200 2240 nobis
1215 2197 1267 2254 pa·

1 2359 2 2362 Ἴ
83 2289 133 2344 ter
150 2284 282 2344 exaudiit
297 2291 326 2343 et
341 2285 469 2358 quotidie
485 2286 618 2360 exaudit,
641 2303 694 2345 uec
708 2293 776 2346 suut
790 2291 897 2360 prater
910 2285 988 2344 hunc
1002 2287 1052 2344 alii
1067 2285 1111 2344 vel
1125 2285 1264 2343 mediato-

1 2429 2 2434 κ
84 2406 136 2448 res
153 2389 204 2448 uel
216 2389 411 2463 opitulatores
428 2367 532 2463 vipsum
547 2392 635 2464 igitur
644 2393 710 2464 jure
721 2392 828 2462 optimo
843 2394 972 2448 nostrum
987 2405 1050 2447 esse
1066 2403 1265 2462 agnoscamus,

60 2521 62 2524 ·
84 2494 159 2552 huic
175 2495 348 2569 serviamus,
370 2510 428 2553 non
449 2495 562 2554 solliciti
584 2494 619 2553 dc
640 2495 702 2554 cibo
718 2499 748 2552 et
769 2499 853 2566 potu,
876 2493 967 2565 qualis
983 2493 1008 2550 is
1023 2493 1075 2566 sit,
1100 2491 1151 2550 sed
1166 2489 1266 2548 demus

85 2615 222 2672 operam,
237 2605 270 2656 ut
279 2599 445 2661 sobriorum
460 2601 618 2672 gratiarnm
628 2598 740 2656 actione
749 2602 911 2668 praeterque
926 2597 1048 2669 proximi
1063 2593 1266 2655 offendiculum

87 2718 249 2775 sumamus,
265 2704 350 2776 hujus
363 2704 438 2764 euim
452 2703 559 2762 domini
575 2720 681 2775 sumus,
697 2703 756 2760 siue
772 2703 901 2775 vivimus,
914 2703 973 2761 sive
985 2701 1131 2760 morimur.
1154 2701 1198 2769 De
1213 2700 1268 2758 hoc

88 2813 192 2866 autem
202 2808 315 2866 solliciti
325 2810 421 2880 simus,
432 2824 488 2880 quo
499 2809 541 2867 ita
553 2807 841 2880 uitaminstituamus,
857 2811 889 2864 ut
907 2822 1003 2866 coram
1012 2793 1097 2878 hujus
1106 2805 1208 2864 summi
1218 2807 1266 2878 ju·

1 2895 2 2972 ἷ
90 2912 167 2970 dicis
182 2912 320 2969 tribunali
330 2914 486 2971 consistere
496 2927 641 2985 queamus.
665 2911 746 2968 Dixit
757 2915 786 2968 et
800 2911 883 2983 plura
896 2913 926 2969 in
941 2911 1015 2969 hano
1029 2911 1200 2970 seutentiam
1212 2916 1266 2970 etc.

185 3017 296 3074 Eadem
311 3002 451 3077 archidux
457 3017 681 3090 Maximilianus,
696 3015 874 3074 Ferdinaudi
881 3017 1074 3075 Romanorum
1088 3016 1165 3089 regis
1179 3013 1265 3090 filius,

91 3121 220 3196 primum
235 3121 309 3179 inter
323 3122 437 3180 tertiam
453 3128 482 3180 et
497 3126 635 3194 quartam
645 3122 732 3180 horas
747 3121 988 3180 antemeridianas
1003 3121 1071 3178 hino
1084 3119 1122 3179 ab
1135 3120 1268 3194 Augusta

1 3219 2 3222 ’
92 3226 331 3298 Landtsburgum
351 3226 381 3282 in
401 3226 555 3300 Hispanias
577 3225 757 3298 proiecturus
780 3222 867 3298 abiit,
884 3225 962 3298 quod
976 3224 1055 3283 Deus
1071 3229 1130 3298 opt.
1146 3241 1221 3283 max.
1238 3229 1269 3283 et

93 3331 213 3404 optimae
228 3331 291 3403 spei
305 3330 479 3389 adolescenti
494 3334 523 3386 et
531 3328 690 3388 Germaniae
706 3331 779 3389 bene
792 3312 941 3389 fortunare
957 3330 1099 3402 dignetur.
1122 3328 1177 3386 Est
1191 3329 1268 3386 enim

94 3435 227 3508 principe
244 3435 337 3508 dignis
352 3436 478 3494 moribus
493 3434 588 3506 homo,
605 3437 654 3507 qui
670 3438 698 3494 et
713 3435 814 3507 pietati
829 3450 888 3491 non
898 3432 1045 3491 aduersari
1060 3429 1182 3488 videtur.
1199 3427 1267 3500 Sed,

95 3539 171 3612 proh
186 3539 283 3613 dolor,
304 3540 493 3613 periculosam
515 3538 720 3612 profectionem
742 3539 849 3596 inuitus
869 3539 929 3608 ipse
950 3535 1046 3593 subire
1068 3533 1181 3592 dicitur.
1220 3533 1268 3591 Sic

96 3641 196 3702 ierunt
210 3643 271 3702 fata
286 3643 414 3718 deorum,
430 3660 466 3701 ne
482 3644 550 3716 quid
566 3642 634 3700 boni
649 3641 757 3700 habeat
771 3639 934 3698 Germania.
958 3639 1091 3698 Deducat
1106 3644 1135 3697 et
1149 3637 1270 3700 reducat

97 3765 164 3808 eum
180 3747 309 3806 dominus
326 3753 355 3807 et
369 3746 406 3806 ab
422 3749 571 3808 Iberorum
585 3745 686 3805 fraude
701 3751 731 3803 et
744 3743 942 3804 incredulitate
958 3713 1116 3804 conservet.

189 3853 233 3910 De
250 3853 379 3927 pecnnia,
395 3869 449 3926 pro
464 3870 521 3926 qua
535 3869 629 3911 comes
645 3850 813 3910 Wilhelmus
835 3850 871 3908 de
886 3849 1059 3924 Henneherg
1078 3852 1193 3924 scripsit
1207 3851 1268 3909 No-

98 3957 254 4030 ribergam,
271 3957 343 4016 nihil
358 3963 452 4015 actum
468 3963 498 4016 et
511 3955 643 4017 Etzdorii
654 3957 765 4014 litteras
779 3955 899 4014 remisit.

189 4060 301 4119 Eadem
316 4062 463 4121 Liberium
484 4062 610 4120 misimus
630 4061 669 4120 ad
690 4061 821 4120 comitem
843 4058 880 4118 ab
895 4059 1033 4118 Anauone
1054 4059 1215 4117 oblitteras
1231 4054 1270 4114 ad

100 4167 295 4224 marchionem
310 4165 460 4224 Albertum
475 4171 505 4224 et
519 4181 633 4224 causam
647 4181 711 4222 cum
726 4164 904 4224 Coloniense.

191 4270 370 4330 Coloniensis
390 4272 442 4332 sub
463 4287 611 4346 uesperam
630 4271 661 4328 in
684 4268 785 4330 urbem
806 4283 974 4328 reversurus
995 4263 1114 4335 dicitur,
1136 4267 1165 4322 et
1183 4263 1271 4326 rediit

103 4391 215 4449 quoque
231 4375 341 4436 eadem.
