2940 4900
773 357 837 422 leo

222 547 355 618 geretur,
379 545 430 602 aut
452 541 476 600 si
498 537 530 598 ld
551 544 689 599 asenatu
703 539 910 614 negligeretur,
931 553 1065 599 caesarem
1080 536 1243 613 huiusmodi
1257 537 1372 598 ecelesia

222 655 286 708 sten
302 648 500 706 coerciturum.
533 645 640 703 Verum
655 642 763 702 nubam
777 644 807 701 in
821 644 936 702 homine
951 659 1066 704 causam
1080 644 1211 703 invenire
1225 647 1373 718 potueruut.
1444 695 1446 704 ,

222 752 276 812 Ast
291 751 360 826 quid
376 750 478 824 aquilis
495 765 559 808 cum
574 749 676 823 exiguo
692 747 846 810 Musonio?

310 855 513 914 Batzenhoven
533 868 625 927 pagus
645 855 688 909 est
709 851 746 911 ab
768 853 899 926 Augusta
920 867 978 912 unc
999 857 1051 912 aut
1073 852 1171 912 altero·
1187 851 1291 910 miliari
1308 849 1375 909 dissi-

221 961 301 1020 dens.
325 959 382 1020 Ubi
398 975 461 1017 cum
475 959 548 1016 bene
564 962 725 1016 nummatus
748 957 851 1029 aliquis
870 958 994 1016 rusticus
1014 955 1102 1017 filiolo
1117 973 1169 1017 suo
1185 956 1300 1031 nuptias
1313 951 1374 1012 iace·

222 1071 281 1138 ret,
302 1064 339 1123 ab
358 1079 392 1122 eo
415 1070 445 1123 et
464 1063 592 1122 ioannes
609 1060 717 1120 Gessen
738 1061 844 1136 hospes
867 1067 966 1121 noster
982 1066 1109 1121 vocatus.
1148 1061 1222 1121 (ium
1237 1064 1328 1120 autem
1341 1057 1377 1134 (ut

222 1168 299 1243 apud
322 1184 371 1228 ecs
386 1167 530 1241 Bavares,
552 1167 654 1240 quibus
669 1165 836 1226 Wilhelnrus
857 1165 915 1224 dux
935 1163 1053 1242 praeest)
1076 1181 1182 1240 sponsa
1202 1167 1280 1225 circa
1300 1164 1377 1224 altare

224 1274 376 1333 duceretur
398 1279 426 1332 et
447 1269 622 1333 sacrificulus
644 1270 738 1331 adbuc
756 1271 901 1330 missitans
921 1271 1006 1330 altari
1021 1276 1145 1345 astaret,
1170 1272 1236 1344 ipso
1249 1267 1323 1328 facto
1335 1283 1376 1341 pa·

222 1380 353 1455 pisticam
369 1379 535 1453 religionem
550 1376 684 1435 deridens
698 1375 805 1448 hospiti
820 1380 919 1434 nostro
934 1381 964 1434 et
978 1377 1042 1434 aliis
1058 1376 1199 1440 civibuse
1215 1373 1301 1433 calice
1314 1387 1376 1446 pre

222 1483 296 1543 bibit
316 1490 345 1544 et
359 1484 474 1545 eosdem
490 1499 525 1541 ex
539 1483 602 1555 ipso
624 1481 713 1539 calice
733 1480 772 1539 ad
788 1481 912 1554 aequales
933 1481 1052 1540 haustus
1072 1481 1172 1540 bibere
1196 1479 1332 1553 permisit,
1352 1479 1378 1533 ut

222 1591 303 1647 testis
319 1593 363 1647 est
378 1589 505 1647 Joannes
521 1585 631 1645 Gessen
646 1591 675 1644 et
690 1586 739 1644 alii
754 1583 916 1659 Augustani
931 1585 1006 1644 cives
1021 1582 1078 1643 fide
1093 1585 1182 1659 digni.

312 1692 426 1750 Samuel
441 1692 518 1765 apud
532 1692 673 1750 ioannem
689 1691 820 1749 comitem
834 1705 853 1748 a
866 1690 995 1762 Retberg
1009 1691 1142 1765 coenavit,
1158 1688 1306 1750 nobiscum
1319 1699 1377 1744 vero

223 1798 290 1856 Otto
306 1797 494 1870 argentarius.
698 1865 702 1874 ¹

311 1898 420 1958 Eadem
444 1899 613 1958 wilhelmus
636 1899 733 1956 senior
752 1899 885 1972 princeps
904 1913 998 1958 comes
1017 1904 1047 1957 et
1066 1898 1196 1958 dominus
1216 1899 1254 1960 ah
1275 1895 1376 1956 Henne-

222 2006 294 2079 berg
314 2018 483 2076 responsum
503 2003 616 2063 Alberti
638 2003 808 2061 marchionis
831 2002 866 2060 de
882 2002 1071 2078 Brandeburg
1091 2020 1179 2078 supra
1194 2020 1284 2064 causa
1296 2001 1376 2060 Fruu-
1447 2013 1449 2026 ’

222 2110 290 2167 cisei
306 2107 341 2166 de
356 2107 467 2181 Dalwig
482 2107 563 2166 nobis
579 2108 745 2167 transmisit.

312 2213 504 2285 Juhacenses,
533 2213 725 2272 Treverenses
751 2217 780 2270 et
802 2212 930 2270 nonnulli
955 2212 1004 2272 alii
1033 2214 1184 2286 protestati
1206 2216 1275 2274 sunt
1294 2219 1377 2268 coram
1447 2265 1448 2294 ,

223 2318 343 2378 statibus
358 2317 471 2391 imperii
485 2317 521 2376 de
536 2318 624 2376 nimia
639 2319 787 2377 exactione
802 2318 926 2375 caesaris.
966 2317 1024 2377 Sed
1044 2319 1111 2391 quia
1131 2318 1235 2378 durum
1255 2317 1310 2377 iilis
1323 2327 1378 2371 con·
1447 2297 1450 2366 ³,

205 2428 269 2482 ‘tra
283 2421 426 2480 stimulum
442 2423 600 2496 calcitrare,
617 2423 759 2498 repulsam
775 2424 853 2495 passi
867 2426 942 2480 suut.

311 2527 423 2585 viunii
438 2528 585 2586 Musonius
602 2545 637 2587 ex
653 2544 714 2601 cap.
730 2528 834 2586 Joann.
855 2529 894 2584 15
915 2527 1046 2600 repetiitr
1073 2529 1274 2602 »Praeceptum
1288 2534 1378 2585 novum

224 2633 261 2692 do
277 2632 366 2706 vobis,
383 2639 415 2692 ut
429 2633 553 2706 diligatis
568 2649 618 2692 vos
633 2634 762 2706 invicem,
779 2635 852 2690 sieut
867 2631 954 2690 dilexi
974 2647 1045 2691 vos«
1063 2637 1117 2692 ete.
1156 2631 1291 2693 indicans
1306 2639 1378 2702 quau
1450 2667 1451 2680 ,

223 2738 292 2798 boni
307 2738 492 2811 praeceptoris
507 2735 600 2796 officio
617 2737 748 2796 Christus
764 2737 894 2796 dominus
908 2735 1023 2796 binetus
1037 2735 1140 2812 fuerit,
1165 2739 1214 2812 qui
1230 2735 1302 2797 nihil
1315 2743 1377 2807 pre·

225 2844 343 2916 ceperit,
360 2842 437 2914 quod
452 2858 509 2901 non
523 2842 598 2901 idem
615 2858 727 2916 quoque
743 2857 830 2914 opere
844 2841 1018 2915 impleverit,
1044 2847 1073 2900 et
1088 2843 1231 2916 quomodo
1245 2843 1302 2900 hoc
1314 2847 1378 2911 prb·

224 2950 306 3019 cepto
322 2951 437 3006 nostros
452 2945 597 3019 profectus
614 2953 643 3006 et
656 2951 783 3006 nostram
795 2947 916 3004 salutem
932 2945 1087 3018 quaesierit.
1111 2947 1184 3006 Item
1199 2947 1306 3016 docuit,
1322 2939 1380 3014 quit

225 3049 354 3107 Christus
376 3065 428 3106 nos
451 3051 530 3123 prius
552 3051 698 3124 dilexerit,
724 3050 828 3109 nullius
847 3051 893 3109 vel
913 3052 1003 3110 nostri
1022 3052 1118 3110 meriti
1137 3054 1188 3110 aut
1204 3051 1275 3110 boni
1295 3041 1381 3120 operis

224 3169 308 3226 ergo,
333 3151 383 3210 sed
403 3143 439 3210 ex
460 3168 542 3212 mere
562 3169 614 3213 sua
635 3160 664 3212 et
686 3155 811 3228 gratuita
831 3152 1026 3215 misericordia
1046 3156 1132 3215 etiam
1156 3160 1309 3230 antequam
1328 3144 1379 3208 ntti

225 3273 366 3330 essemus,
387 3273 439 3316 nos
455 3257 570 3333 decere,
587 3263 619 3317 ut
634 3259 813 3320 dilectionem
828 3277 897 3334 erga
912 3275 1009 3321 omnes
1023 3259 1197 3333 habeamus,
1215 3257 1324 3320 etiamsi
1337 3250 1378 3325 (1¹¹5

224 3376 277 3421 nos
292 3363 339 3422 vel
357 3362 485 3422 laeserint
504 3365 549 3422 vel
572 3365 644 3423 nihil
663 3381 788 3438 unquam
809 3366 844 3425 de
859 3365 941 3448 uobis
956 3365 1029 3425 bene
1051 3366 1146 3425 meriti
1160 3363 1277 3425 fuerint.
1313 3359 1379 3420 Nam

159 3541 164 3548 ι
223 3467 486 3530 benemerentibus
508 3469 678 3530 benefacere
701 3473 877 3531 ethnicorum
903 3485 1016 3544 quoque
1039 3474 1083 3528 est
1096 3475 1126 3528 et
1139 3469 1210 3527 nihil
1226 3469 1311 3546 (teste
1324 3465 1378 3537 ipso

225 3561 352 3648 domno)
367 3577 463 3648 magni
479 3582 530 3635 eet.
569 3578 690 3651 Insuper
709 3575 834 3636 ostendit
854 3593 938 3650 quam
957 3575 1041 3634 facile
1060 3590 1127 3633 caro
1142 3581 1241 3634 nostra
1255 3566 1379 3649 supubil

224 3676 364 3737 titilletur.
403 3679 533 3754 Exempli
548 3686 651 3754 gratia.
690 3681 721 3740 si
735 3683 781 3740 eui
796 3682 888 3754 major
901 3681 992 3739 bonos
1014 3680 1146 3753 contigit,
1168 3681 1192 3738 si
1207 3679 1272 3752 quis
1287 3669 1378 3738 euris

225 3783 388 3856 opulentior
410 3789 461 3842 aut
480 3786 543 3843 aliis
562 3787 703 3859 sapientia
723 3792 751 3844 et
773 3787 933 3846 eruditione
953 3789 1089 3858 praestat3
1114 3783 1184 3842 deus
1206 3783 1282 3843 bone
1304 3789 1378 3855 quam

224 3888 308 3946 nauci
326 3884 414 3946 faciat
433 3889 604 3962 proximum,
641 3905 703 3948 cum
727 3895 822 3950 tamen
847 3890 977 3949 Christus
996 3889 1066 3949 deus
1088 3893 1175 3961 atque
1203 3904 1256 3948 rex
1275 3884 1337 3948 coeli
1354 3881 1379 3938 ei

224 3999 310 4052 terrae
325 3992 475 4066 sapientia,
500 3993 600 4066 virtus,
617 4010 696 4054 mens
712 4002 742 4054 et
756 3997 849 4068 imago
865 4011 918 4054 nec
932 4010 990 4054 non
1003 3991 1080 4052 filius
1096 3995 1260 4066 unigenitus
1275 3991 1319 4070 dei
1333 4001 1377 4063 pu·

225 4099 288 4172 tris,
304 4105 362 4157 nos·
372 4101 483 4156 terreos
497 4100 665 4159 vermiculos
680 4100 811 4159 omnibus
825 4099 900 4158 vitiis
916 4104 946 4157 et
967 4100 1121 4172 putredine
1136 4098 1322 4158 scaturientes
1334 4103 1379 4152 sua
1436 4133 1443 4156 .

226 4203 378 4261 dilectione
394 4201 526 4274 dignatus
542 4205 593 4278 sit,
615 4205 686 4264 adeo
708 4209 813 4263 utnon
828 4204 919 4261 solum
933 4221 987 4282 pro
1002 4204 1084 4262 nobis
1098 4204 1186 4263 vitam
1201 4217 1321 4278 ponere,
1335 4191 1378 4256 sad

227 4306 468 4380 despectissimam
482 4313 603 4369 mortem
618 4311 710 4368 crucis
725 4310 785 4381 pati
800 4308 931 4367 voluerit.
955 4308 1048 4368 iussit
1061 4309 1129 4367 item
1145 4313 1177 4366 ut
1191 4312 1221 4366 et
1234 4308 1321 4382 ipsius
1334 4302 1377 4362 do-

225 4412 294 4472 mini
309 4413 438 4485 exemplo
460 4414 484 4471 si
505 4431 562 4486 qua
579 4414 693 4474 dilectio
708 4417 758 4472 aut
772 4410 870 4472 fratris
890 4414 1045 4472 necessitas
1060 4413 1091 4472 id
1107 4413 1247 4488 exigeret,
1263 4405 1378 4488 pericula
