2940 4900
689 321 752 387 {23

113 521 243 580 pascuae
260 509 318 563 tuae
333 519 439 565 sumus.
463 505 488 564 Ο
503 510 595 580 pater,
613 503 651 566 da
665 510 697 564 ut
711 509 852 566 amantem
873 507 904 563 te
917 504 1097 564 redamemus
1112 511 1142 564 et
1156 509 1185 563 te
1200 505 1299 564 timea-

113 625 200 670 mus,
240 609 288 669 Da
302 614 335 668 ut
346 611 429 684 juxta
444 628 548 692 nomen
568 617 650 670 tuum
671 611 762 670 sancti
776 611 880 683 simus,
904 609 1040 668 adveniat
1058 615 1088 668 et
1102 617 1256 672 renovetur
1271 613 1300 670 in

113 716 212 775 uobis
226 731 347 790 reguum
360 722 451 774 tuum.
476 717 539 776 Tua
554 716 685 776 voluntas
700 715 730 772 iu
745 714 942 774 misericordia
955 713 1022 788 fiat,
1045 731 1081 774 ue
1102 731 1205 789 panem
1221 716 1300 776 verbi

112 822 182 893 tui,
211 836 269 894 quo
285 819 472 880 Germaniam
487 823 518 880 in
540 821 618 880 hisce
641 821 792 894 postremis
811 819 985 894 temporibus
1005 825 1065 878 tam
1086 820 1205 894 largiter
1226 819 1300 880 reie-

114 927 202 1002 cisti,
220 924 345 985 auferas.
398 926 501 985 Daue
522 928 644 1001 penuria
665 924 843 1000 affligamur,
864 939 918 984 uec
938 925 1059 984 saturati
1080 925 1299 985 recalcitremus.

113 1032 214 1092 Nosti
230 1032 308 1090 enim
322 1030 392 1106 quid
407 1047 479 1105 opus
493 1031 658 1092 habeamus.
696 1031 816 1090 Dimitte
831 1031 914 1090 uobis
930 1029 1025 1090 debita
1040 1035 1148 1104 nostra,
1165 1046 1202 1089 ne
1217 1031 1301 1090 simul

112 1137 234 1214 perdas
251 1153 304 1196 uos
318 1153 382 1196 cum
396 1136 595 1210 iniquitatibus
612 1138 734 1210 uostris,
755 1136 894 1209 siquidem
915 1140 944 1194 et
958 1151 1011 1194 uos
1027 1135 1116 1212 (quod
1131 1138 1254 1198 concede
1270 1144 1302 1198 at

114 1260 158 1302 cx
173 1242 270 1302 'corde
284 1240 348 1317 fiat)
363 1239 541 1302 debitoribus
557 1247 586 1300 ct
601 1243 838 1316 persequentibus
853 1242 959 1301 nostris
974 1243 1152 1302 remittimus.
1188 1241 1233 1303 Ne
1248 1261 1300 1303 nos

113 1350 150 1408 in
167 1348 364 1408 tentationem
378 1346 505 1420 inducas,
515 1363 637 1421 quarum
652 1363 728 1406 uuuc
737 1352 986 1418 omuesterrarum
996 1349 1096 1420 anguli
1109 1347 1210 1408 referti
1224 1355 1300 1422 suut,

114 1452 176 1512 sed
192 1450 291 1511 libera
305 1467 358 1512 uos
372 1467 390 1511 a
404 1452 480 1511 malo
495 1468 560 1510 cum
574 1454 689 1527 auimae,
714 1453 843 1528 corporis
867 1458 897 1512 et
911 1453 1020 1512 dierum
1035 1453 1174 1512 malorum
1189 1455 1299 1513 horum.

115 1557 273 1629 Quoniam
287 1561 368 1614 tuum
383 1561 427 1614 est
441 1572 571 1630 reguum,
587 1559 761 1630 postliminio
777 1573 828 1615 nos
844 1557 895 1616 tibi
911 1571 1008 1616 assere
1021 1572 1039 1614 o
1055 1556 1177 1630 domine,
1194 1563 1302 1618 tuaest

115 1663 230 1735 virtue,
249 1666 379 1746 sustenta
393 1678 456 1735 uos,
480 1666 546 1720 tuus
562 1663 721 1737 cathmor,
746 1661 784 1722 da
798 1668 828 1721 te
843 1662 934 1722 solum
948 1662 1121 1722 honoremus
1137 1668 1166 1722 et
1180 1663 1301 1737 glorium

115 1771 208 1826 tuam
223 1765 292 1826 daa
303 1765 385 1826 nobis
401 1772 430 1827 et
445 1768 574 1827 omuibus
588 1769 752 1843 promoveri
767 1768 797 1826 in
811 1772 988 1841 perpetuum.
1012 1767 1059 1826 Da
1073 1765 1186 1827 domiue
1202 1785 1239 1826 ne
1254 1785 1300 1828 re-

116 1872 251 1947 spiciam
266 1872 361 1930 vultus
375 1873 515 1946 potentis,
536 1872 587 1932 sed
602 1871 641 1930 da
655 1873 686 1930 iu
702 1889 733 1931 os
749 1872 818 1944 quid
832 1873 951 1946 loquar,
973 1878 1003 1931 et
1022 1873 1105 1932 labiis
1121 1875 1191 1934 meis
1206 1879 1300 1934 custo·

117 1977 205 2036 diam
222 1991 310 2050 poue,
326 1977 357 2034 iu
372 1978 487 2037 nomine
502 1977 576 2036 euim
590 1981 640 2035 tuo
655 1977 739 2049 ejicio
754 1981 825 2036 rete.

219 2080 331 2140 Eadem
346 2081 384 2142 ad
408 2087 539 2140 octavam
558 2081 589 2139 iu
602 2083 750 2141 mansione
765 2083 928 2142 cancellarii
950 2083 1065 2142 caesaris
1080 2083 1200 2144 Antonii
1214 2083 1299 2143 Atre·

118 2187 402 2262 batensiuepisccpi
416 2201 468 2261 per
483 2185 666 2246 Leonardum
688 2187 730 2246 illi
752 2205 770 2246 a
783 2189 920 2248 cubiculis
940 2189 1017 2247 intra
1031 2187 1192 2246 cubiculum
1207 2190 1300 2249 vocati

119 2305 240 2364 sumus,
257 2291 305 2350 ubi
322 2309 337 2351 e
352 2293 469 2368 regione
489 2292 583 2352 nostri
603 2294 683 2352 stetit
695 2291 896 2352 Atrebateusis
918 2293 1025 2367 praesul
1044 2297 1074 2351 ct
1088 2293 1130 2351 illi
1145 2309 1163 2352 a
1178 2293 1301 2352 sinistris

121 2398 151 2457 d.
170 2395 329 2473 Philippus
352 2396 433 2457 Seldt
453 2397 711 2480 vicecancellarius.
750 2398 778 2456 Is
799 2413 881 2456 orsus
896 2402 940 2455 est
954 2396 1064 2470 dicere,
1085 2397 1300 2456 Reuereudissi·

120 2519 192 2562 mus
209 2508 242 2562 et
256 2502 488 2562 clementissimus
503 2503 634 2563 domiuus
654 2517 733 2584 meus
757 2501 957 2580 Atrebateusis
980 2500 1049 2559 mibi
1064 2501 1301 2576 generositatibus

119 2609 236 2670 vestris
258 2607 353 2670 dicere
375 2608 514 2684 iniunxit,
545 2608 705 2666 Romanam
726 2622 881 2666 caesaream
900 2608 1077 2680 maiestatem
1100 2622 1152 2680 per
1166 2623 1300 2666 reveren-

121 2713 281 2773 dissimum
295 2713 515 2774 Atrebatemem
530 2715 675 2788 accepisse
690 2729 741 2772 vos
756 2710 794 2770 ad
810 2711 971 2770 citationem
987 2711 1043 2769 huc
1061 2710 1219 2784 aduenisse,
1233 2712 1301 2770 item

121 2819 331 2878 excusationes
347 2825 466 2893 vestas,
483 2834 555 2892 quas
570 2817 790 2893 protenderetis.
829 2817 936 2876 Verum
956 2832 1008 2875 sua
1026 2818 1161 2890 majestas
1181 2819 1235 2876 etsi
1249 2817 1301 2876 has

122 2924 332 2984 excusationes
352 2922 491 2997 audierit,
518 2940 574 2982 nou
595 2927 691 2982 tamen
715 2939 774 2981 suae
794 2923 938 2996 maiestati
957 2923 1002 2981 his
1023 2919 1199 2982 satisfactum
1223 2922 1300 2981 dicit.

122 3029 208 3090 Nam
229 3045 391 3102 quanquam
413 3028 618 3102 protenderitis
640 3044 691 3088 vos
712 3027 841 3090 subditos
862 3028 1009 3090 cattorum
1031 3029 1167 3102 principis
1187 3044 1249 3088 esse
1273 3033 1302 3087 et

122 3133 182 3193 sub
216 3132 421 3205 capitulatione
447 3132 680 3208 comprehensos,
715 3140 811 3194 tamen
839 3149 890 3192 vos
913 3131 943 3193 et
968 3135 1085 3194 comites
1106 3133 1220 3210 imperii
1243 3151 1301 3194 non

124 3237 281 3310 decuisse,
314 3243 347 3296 ut
369 3236 452 3297 obliti
481 3238 612 3312 honoris,
640 3237 788 3312 diguitatis
811 3244 841 3298 et
868 3237 990 3298 nominis
1024 3240 1113 3298 vestri
1136 3239 1202 3296 huic
1222 3240 1299 3311 priu-

123 3344 187 3419 cipi
203 3345 307 3402 contra
321 3358 457 3402 cesarem
478 3335 617 3418 pugnanti
638 3345 744 3402 auxilio
759 3346 868 3404 essetis.
922 3344 1003 3403 Licet
1016 3346 1134 3416 insuper
1148 3360 1231 3402 sacra
1246 3341 1299 3401 cce-

4 3501 5 3505 ,
124 3464 217 3509 screa
244 3450 379 3523 majestas
408 3467 443 3509 eu
463 3450 648 3525 prothocollis
669 3450 771 3523 judicii
795 3463 916 3508 camerae
937 3448 1100 3522 perceperit
1128 3449 1245 3540 comites
1273 3452 1302 3506 et

2 3559 5 3609 2
124 3549 344 3628 landtgravium
368 3555 405 3615 de
429 3554 484 3613 hae
503 3555 674 3629 quaestione,
697 3554 802 3614 subditi
824 3555 922 3628 ejusne
938 3555 996 3612 sint
1015 3569 1053 3610 an
1073 3568 1167 3626 secus,
1199 3552 1300 3626 egisse.

127 3660 243 3721 Verum
259 3664 402 3734 utcunque
417 3659 479 3718 haec
493 3675 540 3718 res
555 3675 586 3718 se
600 3660 718 3732 habeat,
754 3674 830 3716 nunc
844 3658 880 3716 de
894 3657 939 3718 his
959 3673 1011 3716 sua
1025 3658 1158 3731 majestas
1173 3657 1300 3732 disputa-

126 3769 242 3828 tionem
258 3783 315 3850 non
330 3765 473 3840 instituet,
495 3763 591 3824 sedin
605 3762 700 3823 medio
714 3763 866 3836 relinquit,
891 3779 926 3822 ea
939 3767 1036 3822 tamen
1050 3765 1128 3839 lege,
1144 3769 1176 3823 ut
1189 3763 1258 3825 fisco
1273 3770 1302 3824 et

128 3889 192 3930 suae
207 3873 352 3945 majestati
372 3870 443 3929 nihil
459 3871 533 3944 juris
558 3870 725 3942 derogatum
746 3867 823 3928 velit.
863 3870 934 3928 Item
950 3870 1028 3943 quod
1042 3871 1080 3932 ad
1095 3870 1301 3931 absolutionem

128 3993 186 4060 per
201 3975 334 4036 comitem
347 3975 544 4036 Reiuhardum
559 3993 577 4034 a
593 3975 685 4034 Solms
700 3975 817 4046 attinet,
840 3975 870 4035 id
889 3992 947 4036 non
961 3977 1047 4036 latius
1062 3978 1190 4047 tendere,
1216 3992 1302 4048 quam
1325 4003 1329 4011 =

129 4081 216 4155 quod
231 4081 419 4140 commissarii
436 4081 509 4154 iussi
529 4083 587 4140 siut
612 4098 699 4157 super
724 4081 780 4139 hac
798 4076 918 4140 ulterius
941 4097 1076 4140 caesarem
1097 4097 1226 4153 quaerere
1247 4085 1300 4139 etc.

129 4186 245 4245 Horum
260 4200 330 4258 ergo
346 4201 408 4244 cum
418 4185 499 4245 vobis
514 4188 620 4246 conscii
635 4188 697 4246 sitis
712 4191 741 4246 et
756 4192 875 4260 constet,
892 4203 1003 4246 onmem
1018 4185 1194 4258 dignitatem,
1211 4183 1300 4246 luouo·

131 4305 195 4347 reru
210 4290 300 4362 etius
322 4291 410 4348 vestri
431 4292 582 4350 comitatus
604 4309 622 4350 a
640 4293 754 4351 neruiue
772 4298 967 4366 preterquam
988 4291 1025 4349 ab
1039 4291 1212 4363 imperatore
1227 4290 1302 4350 deri-

131 4392 206 4468 vari,
222 4394 406 4468 quamobrem
420 4411 546 4456 caesarea
560 4397 695 4472 majestas
711 4398 818 4470 optimo
834 4411 885 4455 suo
897 4397 964 4470 iure
980 4400 1010 4455 et
1024 4394 1136 4454 actione
1151 4393 1227 4453 laesas
1243 4413 1302 4457 ma·
