2940 4900
648 305 712 374 1⁷5

85 489 181 565 regiis
199 491 291 551 missis
305 487 462 552 interfuere
476 486 552 550 forte
565 493 598 550 ut
609 495 782 564 postremum
800 491 947 552 semItutis
962 492 1114 550 missatica
1126 492 1266 552 honorem

86 595 250 670 habereut,
270 609 335 655 cum
353 591 430 657 fama
451 599 528 655 esset
549 609 656 670 paucos
670 601 744 671 post„
753 595 814 656 dies
836 598 866 656 et
880 612 979 672 regem
994 602 1023 658 et
1037 599 1109 660 alios
1123 597 1190 656 hinc
1204 595 1264 657 abi·

86 705 181 760 turos.
207 701 318 762 Eadem
332 699 470 760 Glaaerus
484 701 546 777 ipse
560 699 784 761 transactionem
798 702 923 775 repetiit.

180 806 292 868 Eadem
301 807 384 866 Hans
398 806 645 882 vonRuthlingen,
662 806 712 879 qui
728 806 777 866 din
792 806 955 866 carceribus
971 807 1104 879 detentus
1120 812 1173 879 est,
1190 803 1266 880 quod

85 912 220 971 ilenrico
242 911 421 972 Irauoorum
441 913 504 986 regi
519 911 677 986 peditatum
692 910 866 971 Germanum
888 913 1048 974 conducere
1067 912 1200 987 volucrit,
1223 913 1266 971 in·

87 1015 257 1092 mechatur,
272 1017 365 1092 ruptis
381 1016 497 1077 ducale
512 1033 570 1077 non
584 1017 811 1091 abequeTImseo
827 1018 927 1078 evasit.
952 1018 1044 1094 Quam
1059 1019 1096 1080 ob
1110 1034 1172 1078 rem
1186 1017 1266 1078 urbis

87 1126 184 1195 porta
200 1121 241 1182 ad
255 1121 403 1181 meridiem
418 1119 480 1182 fere
494 1123 614 1182 occlusae
630 1129 722 1183 eraut.
822 1117 825 1120 ’

181 1228 254 1302 xviij
270 1227 359 1288 Iunii.
388 1229 425 1288 D.
441 1228 570 1288 Joennes
590 1228 732 1288 Henricus
747 1244 831 1287 mane
855 1227 931 1287 iufra
946 1236 1078 1303 quartam
1093 1236 1123 1288 et
1137 1231 1266 1304 quintam

88 1333 178 1392 horas
195 1349 234 1392 ex
248 1333 369 1418 epistola
383 1334 507 1408 apostoli
521 1333 642 1394 Ioannis
662 1351 723 1408 cap.
742 1339 760 1395 2
777 1336 838 1394 hac
852 1335 941 1394 verba
954 1334 1040 1408 legit:
1071 1333 1265 1408 »Clarissimi

89 1451 148 1495 non
163 1441 344 1512 preceptum
359 1454 464 1499 novum
479 1439 572 1498 scribo
595 1439 689 1514 vobis,
712 1441 763 1501 sed
778 1444 951 1514 praeceptum
970 1443 1053 1498 vetus
1075 1439 1152 1512 quod
1167 1438 1267 1498 habui·

88 1545 141 1602 etia
156 1533 305 1604 ab'inItio.
327 1543 507 1617 Praeceptum
517 1549 601 1603 vetus
616 1550 661 1604 est
674 1559 777 1618 sermo,
790 1560 874 1618 quem
889 1544 1010 1604 audistis
1026 1542 1063 1603 ab
1077 1544 1168 1604 initio.
1189 1543 1265 1604 Rur-

89 1664 137 1708 sus
152 1653 335 1724 praeceptum
346 1665 450 1710 novum
465 1649 558 1710 serila
572 1650 661 1724 vobIs,
679 1650 755 1723 quod
770 1665 868 1708 verum
884 1653 928 1708 est
942 1651 973 1708 ln
987 1650 1060 1724 ipso,
1076 1649 1153 1709 idem
1168 1665 1266 1711 verum

90 1757 176 1814 estet
194 1735 225 1813 in
239 1755 333 1814 uobis:
348 1755 416 1829 quia
429 1755 557 1815 tenebrae
574 1760 752 1830 praetereunt
767 1761 796 1815 et
809 1771 908 1815 rernm
922 1755 1019 1814 lumen
1028 1756 1090 1829 jam
1104 1755 1189 1814 lucet.
1211 1753 1266 1826 Qui

91 1859 160 1920 dicit
175 1875 211 1920 se
225 1858 257 1918 in
271 1859 335 1918 luce
350 1875 413 1919 esse
429 1867 459 1920 et
472 1858 591 1920 matrem
612 1876 694 1919 suum
713 1859 783 1931 odit,
797 1861 827 1918 in
842 1859 968 1920 tenebris
986 1866 1030 1920 est
1046 1875 1137 1935 usque
1151 1858 1263 1919 adhuc«

7 2005 9 2040 ,
92 1969 145 2025 etc.
176 1963 280 2024 Primo
293 1965 391 2037 itaque
407 1965 449 2026 uit
463 1965 491 2025 d.
507 1966 649 2026 Ioannem
664 1963 852 2024 mediatorem
875 1981 962 2026 unum
986 1981 1049 2026 esse
1070 1969 1100 2024 et
1114 1971 1266 2039 patronum

8 2087 9 2116 ι
92 2074 225 2129 nostrum
240 2069 339 2130 Iesum
350 2068 494 2130 Christum
509 2070 677 2144 ostendisse,
694 2076 723 2128 et
738 2070 814 2143 quod
830 2086 887 2131 non
901 2071 961 2131 sint
974 2073 1029 2131 nisi
1043 2071 1106 2131 dure
1121 2072 1184 2146 vira,
1209 2086 1267 2130 una

8 2207 9 2276 }
94 2173 131 2234 ad
147 2173 296 2234 Christum
311 2179 341 2234 et
354 2175 442 2236 vitam
458 2181 605 2250 aeternam,
622 2175 714 2236 altera
729 2175 767 2235 ad
780 2177 874 2251 ignem
890 2182 1037 2238 aternum.
1061 2177 1174 2237 Deinde
1190 2173 1267 2250 quod

9 2327 10 2330 ,
95 2280 226 2340 Ioannes
242 2279 384 2340 Christum
406 2281 533 2364 Imitatus
556 2283 650 2342 omnia
668 2286 815 2355 praecepta
829 2279 884 2340 Dei
904 2282 934 2340 in
949 2296 1035 2340 unum
1051 2281 1134 2354 quasi
1147 2279 1266 2340 fascicu-

8 2403 9 2442 1
94 2385 151 2444 lum
165 2385 327 2460 collegerit,
349 2385 515 2446 fasciculum
531 2387 638 2446 scilicet
652 2385 810 2446 charistia.
848 2385 941 2445 Movit
961 2389 1056 2444 autem
1071 2385 1117 2444 hic
1132 2384 1264 2458 quaestio·

95 2505 168 2566 nem,
188 2491 331 2564 quomodo
347 2491 517 2552 dsdoannes
536 2491 584 2549 hic
598 2492 691 2551 dieat:
715 2491 781 2551 Non
805 2507 915 2572 novum,
933 2494 1107 2563 praeceptum
1123 2489 1160 2548 do
1175 2488 1265 2562 robis,

96 2611 158 2656 oum
173 2601 275 2658 tamen
288 2612 353 2655 mox
369 2596 481 2670 subdat,
497 2599 672 2670 praeceptum
689 2611 794 2656 novum
808 2593 903 2654 acrilm
918 2595 1008 2655 noble.
1044 2593 1199 2654 charitatis
1214 2609 1265 2652 au·

95 2705 153 2760 tem
167 2707 346 2778 praeceptum
368 2717 425 2761 non
441 2718 545 2762 novum
561 2715 624 2759 esse
639 2701 749 2775 arguit,
772 2699 850 2773 quod
865 2700 951 2760 etlam
967 2699 1074 2759 llloises
1089 2697 1209 2758 fratrem
1225 2698 1267 2756 di·

95 2803 325 2880 ligerejusserit.
364 2809 435 2868 Item
451 2823 487 2866 ex
502 2823 552 2880 eo,
577 2806 655 2888 quod
676 2805 752 2865 idem
772 2805 880 2865 Moises
899 2803 1000 2864 bovem
1023 2805 1108 2863 aloini
1123 2808 1267 2864 errantem

95 2912 236 2974 reducere
250 2913 408 2986 praecipiat
447 2911 519 2971 Item
535 2911 613 2984 quod
626 2910 768 2985 propheta
784 2909 874 2983 dicat,
889 2925 1003 2969 carnem
1019 2915 1097 2968 tuam
1113 2926 1149 2970 ne
1165 2909 1266 2983 despe-

7 3011 8 3020 ’
97 3018 184 3075 reris.
208 3017 280 3077 Item
295 3016 343 3076 ubi
357 3017 536 3090 praeceperit,
553 3019 585 3074 ιιι
599 3015 758 3090 peregrinis
773 3015 846 3074 bene
861 3013 1008 3074 faciamus.
1042 3015 1155 3076 Novum
1170 3019 1267 3075 autem

96 3118 165 3180 dicit
181 3121 342 3196 dupliciter.
396 3121 493 3180 PrImo
509 3121 652 3194 eomodo,
677 3125 710 3179 ιιι
724 3137 798 3181 nnnc
814 3127 999 3196 posteaquam
1015 3122 1192 3196 evangelium
1208 3122 1265 3180 cla-

98 3225 157 3285 rina
172 3223 325 3301 praeditam
339 3226 436 3301 erepit,
454 3225 560 3286 dictum
576 3231 620 3284 ast
634 3241 736 3287 nouam
751 3226 910 3287 doctrinam
926 3243 1074 3302 exurgere,
1092 3243 1155 3286 cnm
1170 3233 1266 3286 tamen

98 3327 159 3390 haec
180 3329 311 3416 doctrina
331 3332 526 3394 vetustissima
547 3332 585 3389 sit
604 3330 760 3404 eademque
780 3329 875 3404 ficerat
899 3331 936 3391 ab
955 3333 1054 3402 initio,
1076 3331 1127 3390 aad
1147 3329 1214 3402 quia
1229 3329 1268 3390 ad

98 3435 211 3510 tempus
231 3435 347 3507 aliquod
370 3436 533 3496 intermissa
553 3440 610 3510 est,
638 3441 667 3494 et
687 3435 771 3494 modo
793 3435 922 3494 homines
944 3434 982 3492 ab
1002 3427 1052 3506 iia,
1077 3447 1141 3505 qua
1156 3433 1268 3490 Interea

98 3539 236 3614 temporie
251 3543 454 3616 excreverunt,
478 3544 511 3599 ut
530 3545 597 3602 suut
618 3539 803 3603 adorationes
822 3544 998 3611 sanotorum,
1023 3536 1268 3612 peregriuationes

100 3641 136 3702 ad
149 3645 213 3705 loca
228 3649 327 3704 sauma
342 3651 406 3720 etc,
421 3642 647 3706 revocantur-ad
661 3641 782 3700 salutem
802 3641 959 3717 evangelii,
980 3642 1111 3702 doctrina
1123 3656 1206 3702 nova
1219 3656 1268 3702 vo·

100 3753 190 3825 catur,
206 3751 280 3810 siout
295 3755 324 3812 et
338 3750 422 3811 Pauli
437 3748 567 3816 doctfina
582 3764 657 3808 nova
669 3739 772 3806 roma
787 3751 839 3820 eet,
857 3747 954 3817 Actor.
974 3751 1023 3807 17.
1054 3745 1134 3808 Alina
1148 3747 1266 3810 manda·

101 3859 160 3913 tum
175 3871 279 3916 nouum
293 3854 370 3930 dirit,
387 3855 464 3930 quod
478 3854 608 3914 Ohmmua
622 3853 678 3912 hoc
691 3856 867 3927 preceptum
883 3853 1028 3929 discipulis
1045 3855 1138 3929 dedit,
1154 3854 1266 3915 dicens:

102 3955 145 4016 Do
159 3957 240 4020 vobis
254 3960 421 4020 mandatum
436 3975 554 4036 nouum,
575 3964 607 4020 ut
630 3957 822 4034 dilectis-uos
841 3960 961 4022 invicem
977 3965 1031 4023 etc.
1069 3961 1109 4032 Et
1122 3962 1183 4032 ipse
1199 3973 1268 4031 quo·

104 4077 157 4133 que
172 4063 302 4124 oensem
317 4065 426 4140 primus
440 4065 504 4140 luit,
527 4064 577 4140 qui
593 4080 681 4139 opere
695 4065 832 4139 implevit,
856 4081 918 4127 cum
933 4081 1017 4126 nemo
1031 4062 1163 4124 habuerit
1177 4061 1267 4134 map'o-

103 4181 162 4226 rem
176 4171 359 4245 cheritatem,
384 4187 469 4245 quam
485 4170 535 4243 qui
554 4169 605 4230 dat
618 4169 742 4232 animam
756 4185 809 4246 pro
825 4171 932 4230 amicis.
970 4167 1054 4242 Quod
1067 4171 1165 4226 autem
1180 4164 1267 4230 dicit:

105 4269 241 4341 Tenebrae
266 4277 470 4350 preterierunt
494 4281 523 4336 et
544 4291 648 4336 novum
670 4277 768 4334 lumen
785 4276 846 4348 jam
866 4277 958 4350 lucet,
975 4271 1101 4346 denotat,
1118 4268 1268 4343 quodiam

104 4381 198 4448 lacet
209 4395 264 4456 par
277 4381 369 4444 solun
382 4379 530 4444 Olrlatum
543 4380 639 4444 aditm
658 4377 696 4444 ad
717 4379 806 4442 uitam
827 4383 979 4449 aternam,
1003 4379 1034 4436 et
1046 4372 1209 4438 lmlandum
1223 4381 1268 4438 est
