2940 4900
678 339 740 406 135

212 520 323 583 Eadem
338 521 456 582 Liborio
478 521 637 598 injunctum
659 526 712 596 est,
736 526 769 580 ut
790 522 958 596 petitionem
978 522 1056 598 apud
1076 521 1297 584 Atrebatemem

118 632 286 688 renovaret.

211 731 322 794 Eadem
336 733 465 792 loannes
480 730 572 792 frater
586 735 685 790 noster
699 729 851 791 Erasmum
870 751 889 792 a
908 733 1070 796 Rumhardt
1088 735 1118 794 in
1133 736 1297 794 comitatum

118 837 271 912 praemisit,
295 838 340 897 oui
355 835 392 898 ad
408 835 627 897 Sohonstsdium
642 841 672 896 et
692 837 887 897 Hermannum
902 840 1006 901 Nellen
1025 841 1137 900 litteras
1157 838 1294 899 dedimus.

211 941 362 1016 Philippus
377 958 434 1002 von
453 940 505 1000 der
519 941 655 1016 Bruggau
675 958 728 1018 per
746 917 884 1002 famulum
905 945 1059 1005 »interim«
1080 944 1151 1004 illud
1171 945 1296 1018 repetiit,

118 1045 200 1120 quod
215 1051 245 1106 et
259 1048 301 1106 illi
316 1049 466 1106 remissurn
486 1051 539 1106 est.
575 1045 687 1106 Eadem
706 1047 837 1107 comitem
852 1049 1034 1110 wilhelmum
1050 1050 1207 1123 invidimus,
1231 1066 1295 1110 eum

117 1167 178 1224 quo
195 1155 226 1210 et
239 1152 339 1225 pransi
354 1167 460 1210 sumus.

210 1255 339 1318 Vidimus
354 1256 560 1318 habitationem
574 1255 705 1330 magistri
721 1253 834 1316 Glaseri
848 1274 882 1316 ae
896 1258 939 1317 illi
953 1259 1149 1332 indicavimus,
1167 1273 1231 1330 qua
1251 1273 1295 1317 se-

118 1362 197 1420 niori
212 1361 308 1422 oonniti
322 1361 559 1436 Hennebergeusi
574 1358 779 1434 perscribenda
793 1367 898 1430 esseut.

154 1491 158 1496 ’
210 1465 321 1536 Eadem
343 1467 451 1556 doctor,
466 1466 563 1528 Simon
582 1464 617 1524 de
637 1464 815 1526 Mundtbuer
832 1468 863 1525 in
882 1466 1036 1539 hospitium
1056 1470 1185 1525 nostrum
1207 1465 1292 1539 venit,

119 1572 170 1645 qui
185 1570 292 1644 ajebat,
317 1587 347 1630 se
362 1587 415 1650 uos
424 1575 498 1630 *aute
513 1585 604 1629 anuos
619 1570 722 1644 viginti
737 1572 768 1629 in
782 1570 880 1630 libello
894 1572 1024 1646 legentes
1044 1571 1086 1630 illi
1106 1570 1218 1630 obviam
1233 1569 1292 1629 fao-

119 1681 176 1736 tos.
214 1676 243 1734 Is
265 1693 340 1736 nuno
360 1675 468 1736 ioanni
489 1675 527 1736 ab
548 1671 713 1748 Eisenburg
735 1675 949 1750 archiepiscopo
976 1676 1142 1736 Trevirensi
1164 1691 1183 1735 a
1206 1675 1294 1734 medi·

119 1779 193 1840 einis
208 1784 260 1840 est.

210 1883 296 1961 Apud
310 1885 440 1946 comitem
455 1900 473 1942 a
488 1883 602 1943 Nassau
616 1885 747 1944 comitem
762 1883 797 1944 de
812 1885 934 1960 Dengen
948 1885 1078 1960 vidimus,
1089 1885 1138 1960 qui
1152 1883 1293 1958 Budingaa

6 2059 7 2062 Ἴ
118 1991 284 2050 conversari
306 1991 388 2050 solet.
426 1988 539 2059 Eadem
562 1987 684 2058 vidimus
703 1990 857 2054 histriones
882 1991 1066 2052 cothurnatos
1089 2006 1140 2050 sex
1162 1996 1192 2050 et
1213 1996 1293 2063 peta·

119 2101 199 2156 satos
220 2099 308 2156 mutae
330 2095 468 2170 agilitatis
489 2111 520 2154 se
542 2095 572 2152 in
593 2109 680 2168 gyros
701 2100 730 2154 et
750 2095 916 2156 saltationes
936 2093 1096 2170 flectentes,
1120 2099 1153 2154 ut
1173 2095 1294 2156 antehae

4 2253 5 2266 ,
124 2216 254 2274 unquam
268 2200 398 2274 oderim,
419 2216 483 2259 oum
497 2215 550 2278 pro
564 2200 667 2274 majori
682 2201 811 2274 eorporis
824 2207 908 2275 parte
923 2201 993 2260 nudi
1007 2207 1111 2262 essent.

141 2329 142 2340 ¹
198 2305 314 2388 'Florus
325 2303 546 2366 Atrebatensem
560 2309 628 2365 ante
641 2304 788 2365 meridiem
803 2305 911 2378 alloqui
925 2319 983 2365 non
997 2306 1100 2379 potuit.
1130 2304 1158 2362 A
1172 2305 1294 2379 prandio

116 2416 218 2472 autem
232 2411 329 2470 multis
349 2426 412 2468 oum
434 2425 468 2468 eo
487 2409 555 2484 egit.
587 2410 694 2468 Verum
714 2414 780 2484 post
798 2410 957 2482 petitiones,
981 2409 1176 2478 alminationes
1197 2415 1226 2468 et
1246 2426 1294 2468 ex·

117 2515 283 2583 nusahones
297 2515 352 2574 hoo
367 2513 483 2574 undem
497 2515 626 2587 responsi
646 2514 721 2588 tulit,
738 2513 958 2574 atrebatensem
973 2515 1077 2588 omnia,
1097 2528 1162 2587 quae
1177 2529 1293 2572 suerum

118 2620 224 2680 virium
243 2616 360 2693 fuerint,
375 2618 590 2692 diligentissime
614 2615 691 2692 apud
714 2619 917 2692 imperatorem
940 2619 1045 2692 egisse,
1070 2616 1144 2678 adeo
1166 2622 1198 2676 ut
1219 2633 1293 2692 pene

118 2719 192 2784 iram
208 2723 330 2784 Orasaris
349 2724 405 2783 mei
426 2740 495 2798 ergo
515 2725 690 2796 incurreret,
714 2737 767 2781 neo
787 2726 884 2780 umen
905 2721 1047 2781 Gaesarem
1067 2719 1144 2782 flecti
1166 2723 1294 2796 potuisse

118 2830 225 2890 denuo.
258 2829 288 2889 Si
302 2831 364 2903 ipse
380 2829 416 2889 de
430 2829 488 2888 alia
502 2828 551 2887 via
565 2828 693 2902 cogitare
707 2841 831 2901 possem,
856 2842 920 2886 eum
934 2826 1120 2888 libentissime
1134 2825 1204 2886 mihi
1219 2842 1292 2900 pra·

119 2934 193 2992 sidio
208 2931 344 2994 futurum.
383 2934 445 2994 Neo
459 2934 611 3008 quioquam
625 2934 774 2992 xeniorum
788 2936 839 2990 aut
858 2948 1008 2992 munerum
1030 2949 1060 2992 se
1081 2933 1190 2992 ambire
1210 2931 1291 2992 dixit.

2 3111 3 3130 Χ
120 3041 250 3114 Insuper,
271 3039 374 3114 inquit,
393 3038 493 3098 intime
506 3038 549 3096 illi
563 3039 729 3113 compatior.
761 3036 832 3108 ¹(ium
847 3038 981 3098 Liborius
995 3039 1037 3098 illi
1050 3039 1293 3112 importunitatem

120 3161 202 3204 suam
217 3144 374 3206 condonari
388 3148 564 3220 precaretur,
580 3143 748 3218 respondet:
771 3144 838 3204 Non
853 3145 910 3204 eris
926 3143 995 3203 mihi
1009 3143 1155 3217 molestus,
1179 3143 1293 3204 audiam

121 3251 234 3323 quoties
249 3251 372 3310 veneris.

209 3351 333 3428 Adiutor
346 3355 377 3415 in
393 3353 608 3428 opportunitate
622 3356 652 3413 et
666 3368 732 3426 spes
748 3349 917 3430 afflietorum
932 3353 1020 3426 Deus,
1044 3368 1081 3410 ne
1099 3365 1152 3409 nos
1166 3351 1291 3412 deseras.

121 3459 268 3520 hiemante
282 3459 478 3534 promissionis
493 3464 561 3532 tua,
573 3459 622 3532 qui
636 3474 689 3532 per
703 3473 735 3516 os
750 3456 899 3532 propheta
914 3458 957 3515 tui
972 3457 1082 3516 dixisti:
1110 3457 1163 3514 «In
1178 3455 1225 3514 die
1239 3457 1291 3514 tri-

122 3564 276 3626 bulationis
291 3566 392 3624 invoca
406 3580 451 3623 me
466 3569 496 3624 et
514 3579 568 3638 ego
588 3579 686 3622 eruam
704 3568 765 3620 ta«
798 3562 862 3648 Tibi
878 3562 1066 3636 pensavimus,
1082 3577 1118 3620 ne
1133 3565 1227 3620 autem
1242 3560 1293 3619 des

121 3671 272 3730 veritatem
294 3673 373 3728 tuam
395 3669 432 3730 ob
454 3673 567 3734 nostras
590 3666 831 3742 transgressiones
859 3665 1000 3726 dedecore
1026 3666 1064 3726 ah
1085 3665 1179 3742 impiis
1206 3661 1291 3724 altini.

122 3773 192 3846 Quis
207 3777 304 3832 autem
319 3788 373 3848 ego
389 3789 460 3848 sum,
484 3774 581 3832 sinon
595 3769 743 3832 reflexeris
764 3773 795 3830 iu
813 3769 913 3830 faeiem
930 3769 1045 3846 Christi,
1067 3772 1214 3847 inspector
1229 3787 1292 3830 eor·

122 3877 166 3938 dis
177 3882 207 3938 et
218 3883 361 3947 scrutator
373 3894 483 3953 renum,
495 3875 629 3938 domine?
645 3855 699 3949 Tu,
711 3877 836 3950 inquam
852 3876 937 3952 nosti,
953 3893 1017 3952 quae
1033 3878 1071 3936 sit
1087 3875 1204 3938 stilicho
1219 3892 1293 3936 mea.

121 3983 236 4044 &audi
249 3999 295 4042 me
309 3999 364 4058 per
378 3999 452 4056 eum,
476 3985 525 4058 qui
540 3983 623 4044 nobis
639 3983 709 4042 nihil
724 3998 783 4041 nou
798 3997 901 4055 passus
921 3988 974 4056 est,
998 3981 1144 4041 dominum
1165 3987 1294 4041 noenum

121 4088 220 4148 Jesum
236 4087 381 4150 Christum
400 4086 489 4146 filium
509 4092 598 4163 tuum,
622 4089 670 4163 qui
689 4093 783 4147 tecum
802 4086 873 4146 vivit
893 4090 922 4144 et
940 4091 1043 4160 regnat
1063 4087 1219 4160 inusitate
1234 4086 1293 4160 spi-

121 4193 193 4252 ritus
209 4209 232 4252 s.
249 4194 279 4252 in
294 4191 391 4254 seoule
405 4192 495 4252 Deus.

210 4297 266 4372 Da,
282 4297 404 4372 domine,
424 4287 613 4382 neadversus
628 4303 657 4358 te
672 4314 740 4358 oaro
755 4297 873 4374 gloriari
887 4293 987 4370 possit,
1008 4309 1054 4354 mo
1068 4295 1163 4370 potius
1177 4294 1209 4356 in
1224 4294 1291 4356 bra·

121 4401 185 4464 chio
200 4403 256 4464 uiri
272 4419 357 4478 quam
370 4405 401 4464 iu
419 4408 470 4464 tua
488 4404 616 4466 bonitate
635 4420 776 4480 sperasse.
808 4402 873 4464 Soio
893 4399 1016 4476 quidem,
1040 4405 1124 4478 pater
1143 4402 1192 4478 mi,
1216 4400 1294 4478 quod
