2940 4900
766 335 830 404 158

294 516 612 594 sisaponensibus,
636 533 721 590 quem
736 517 856 578 rubeam
870 517 1030 592 appellant,
1055 520 1085 576 et
1106 514 1255 591 pomoeria
1273 514 1301 571 in
1314 519 1372 587 pro·

208 625 377 699 pugnaculis
400 622 569 696 quibusdum
591 636 680 696 super
697 621 829 694 insigniis
848 637 981 680 caesareae
1003 622 1170 694 maiestatis
1193 624 1223 680 et
1237 618 1313 678 urhis
1325 617 1375 674 dn·

210 733 300 803 gusta
316 729 347 788 in
361 745 430 788 saxo
445 729 499 786 hoc
514 727 690 802 epigramma
705 726 825 784 incisum
839 725 971 798 legimus:

419 843 507 894 Aurea
524 841 633 892 libes-tas
651 840 710 891 haeo
727 841 925 908 propugnacula
943 841 1015 904 fecit,

455 930 534 980 Hosti
553 945 586 979 ne
605 929 652 978 fret
669 928 758 994 praeda
776 934 884 978 cruenta
902 928 965 980 iero.

418 1016 462 1066 Sic
483 1023 570 1064 tamen
589 1021 618 1064 ut
635 1030 731 1065 nomen
750 1015 848 1065 domini
867 1016 1010 1067 forussima
1027 1017 1105 1066 turris

456 1103 552 1154 Rideat
569 1103 691 1167 insultus,
710 1104 830 1166 tormina,
848 1103 910 1166 tela,
931 1103 1011 1154 faces.

419 1193 487 1244 Nem
505 1192 558 1242 nisi
577 1191 616 1242 sie
635 1191 755 1242 dominus
773 1197 861 1242 nester
878 1191 1021 1242 fabricator
1039 1195 1065 1240 et
1082 1187 1162 1241 urbis

456 1281 511 1341 Qui
525 1280 603 1350 struit
620 1285 646 1329 ‘et
664 1279 760 1344 vigilat
777 1277 816 1328 nil
834 1279 887 1328 nisi
904 1293 974 1328 vana
991 1277 1063 1327 facit.

300 1405 386 1465 Nunc
401 1403 522 1464 libertas
536 1402 674 1478 Augusta
694 1401 756 1462 iere
775 1403 931 1462 straminea
951 1407 1009 1475 est,
1032 1403 1058 1459 si
1071 1406 1104 1459 ut
1117 1402 1256 1474 coeptum
1271 1399 1314 1454 est
1326 1407 1382 1466 pro·

213 1511 392 1586 graderetur.

301 1613 412 1671 Eadem
427 1608 504 1672 Dido
524 1610 759 1683 aKniephausen
779 1608 926 1668 nobiseum
947 1625 1064 1668 coenare
1083 1608 1193 1681 voluit,
1220 1604 1274 1664 sed
1297 1599 1382 1661 nescio

215 1734 272 1791 qua
286 1716 322 1775 de
338 1731 424 1774 cansa
438 1715 513 1775 domi
528 1716 676 1774 remansit.

303 1819 414 1878 Eadem
428 1820 518 1878 libros
533 1825 596 1878 octo
611 1819 808 1892 precationum
822 1833 968 1876 sacrorum
991 1831 1044 1889 pro
1059 1830 1148 1874 aureo
1164 1831 1228 1874 uno
1245 1822 1383 1885 compara·

214 1925 306 1984 viinus
324 1921 345 1997 ¹,
371 1923 526 1982 chronicon
540 1923 608 1981 item
623 1938 778 1981 caesareum
791 1922 917 1995 Appiani
938 1938 992 1995 pro
1007 1921 1131 1994 quinque
1146 1918 1272 1980 florenis
1287 1913 1381 1991 aureis

214 2031 415 2090 testamentum
432 2042 603 2098 novumprc
619 2033 728 2099 septem
742 2026 846 2101 batzis3
865 2027 927 2086 Der
940 2027 1052 2087 Leienn
1065 2025 1160 2086 Bibell
1183 2039 1243 2099 pro
1268 2021 1384 2094 quatuor

214 2132 316 2192 batzis.

302 2234 361 2294 Per
375 2234 516 2294 Joannem
530 2233 728 2309 Milchiingum
743 2237 839 2295 comiti
854 2252 872 2296 a
886 2236 1001 2294 Nasson
1014 2235 1125 2294 litteras
1140 2234 1179 2294 ad
1195 2229 1382 2292 marchionem

215 2337 367 2400 Albertum
381 2340 615 2398 transmittendas
631 2341 662 2398 in
676 2355 763 2399 causa
777 2339 910 2414 Dalwigk
925 2337 1032 2399 deferri
1046 2341 1221 2398 curavimus,

303 2442 414 2503 Eadem
428 2443 569 2502 Hemicus
586 2442 676 2503 Oraiit
689 2445 809 2503 adduxit
823 2445 976 2503 Matthiam
994 2444 1099 2504 Zolner
1122 2459 1138 2503 e
1152 2441 1300 2502 famulitio
1313 2447 1380 2494 mer·

215 2556 343 2608 catorum
359 2547 410 2606 der
417 2546 552 2607 Krefiier.
576 2549 604 2607 Is
619 2563 729 2606 mecum
743 2549 900 2608 collocutus
916 2547 951 2606 de
966 2547 1121 2606 invisendis
1136 2548 1258 2608 mineris
1274 2541 1381 2602 iniscn·
1454 2581 1455 2584 ,

215 2653 349 2726 bargiaco
364 2658 461 2711 monte
479 2668 538 2710 non
553 2654 653 2725 procul
668 2669 685 2711 a
701 2651 860 2711 Gorbachio
876 2652 940 2710 sito.
981 2651 1170 2711 Convenimus
1190 2657 1226 2711 ut
1246 2664 1299 2710 uos
1314 2643 1380 2704 idem

214 2755 354 2816 Matthias
368 2755 399 2814 iu
413 2756 577 2826 comitatum
592 2762 721 2814 nostrum
736 2761 865 2829 tempore
879 2759 1041 2829 opportuno
1056 2757 1262 2828 subsequetur.

305 2859 418 2919 coenati
432 2864 499 2918 sunt
514 2861 660 2919 nobiscum
675 2877 712 2918 m.
730 2860 916 2918 Sebastianus
932 2858 1067 2920 Glaserus
1083 2865 1113 2919 et
1127 2857 1379 2921 Joanneslcatzen·

215 2959 320 3032 berger
334 2961 547 3035 archiepiscopo
563 2963 728 3021 Trevirensi
741 2979 759 3020 a
773 2964 891 3037 poculis.

304 3062 397 3122 Wulii
414 3065 515 3123 Heller
537 3066 574 3125 ab
594 3065 770 3124 Hellerstein
792 3069 823 3126 in
843 3067 973 3127 inferiori
994 3065 1149 3127 Germania
1171 3081 1208 3124 ex
1222 3056 1379 3124 civitatibus

217 3164 350 3224 Saxoniae
371 3181 446 3224 nnnc
466 3169 568 3228 caesari
583 3184 660 3242 eam,
683 3185 768 3242 quam
783 3173 877 3231 adhuc
892 3189 928 3231 ex
949 3172 1071 3246 pecunia
1087 3168 1263 3230 defensionis
1279 3165 1322 3243 (ut
1335 3173 1379 3218 vo·

216 3265 295 3344 cant)
311 3267 472 3342 debebunt,
495 3286 549 3346 pro
564 3271 690 3330 subsidio
713 3278 813 3334 contra
833 3277 957 3336 Turcam
971 3276 1095 3349 collegit.
1133 3274 1214 3333 Idem
1228 3269 1330 3334 Haller
1343 3260 1380 3320 tii

216 3375 347 3434 civitates
362 3375 511 3434 saxonicas
527 3382 555 3436 et
571 3392 634 3450 eus,
654 3392 726 3449 ques
741 3377 848 3440 Hense
863 3386 978 3454 vocam,
1003 3395 1110 3440 oceano
1132 3377 1304 3439 Germanico
1318 3381 1379 3444 pro·

216 3479 306 3541 ximus
321 3481 358 3540 ob
373 3481 492 3540 Interim
506 3481 579 3542 iilud
592 3483 770 3543 tumultuari.

306 3585 434 3661 Exurge,
451 3602 469 3645 o
485 3587 607 3662 domine,
624 3591 653 3647 et
667 3603 737 3646 eum
747 3604 831 3662 quem
847 3587 950 3647 dedisti
964 3589 1167 3662 legislatorem,
1184 3588 1231 3646 cui
1245 3571 1378 3646 omniciss

216 3701 317 3744 manus
337 3689 548 3766 contradidisti,
578 3691 678 3752 iesum
700 3692 844 3752 Christum
863 3690 1007 3751 dominum
1028 3696 1158 3751 nostrum
1176 3689 1224 3751 fac
1244 3675 1376 3752 dominari

216 3786 247 3844 in
261 3788 361 3866 medio
370 3793 549 3852 inimicorum
564 3811 689 3869 suorum,
710 3801 742 3855 ut
756 3798 849 3856 sciant
863 3796 979 3856 tandem
993 3812 1077 3870 reges
1093 3802 1122 3856 et
1136 3797 1290 3870 principes,
1307 3777 1376 3862 ‹1110‘l

216 3889 345 3950 homines
361 3901 437 3952 sunt.

305 3996 415 4056 Eadem
430 3998 512 4059 nobis
527 3999 683 4060 iudicatum
698 4009 742 4062 est
755 4020 809 4076 per
818 4005 948 4064 homines
957 4022 1016 4065 non
1028 4005 1122 4064 minus
1137 4005 1200 4079 pios
1216 4018 1300 4079 quam
1313 3993 1374 4054 1100·

217 4106 278 4187 tos,
295 4102 436 4178 quomodo
453 4103 590 4175 seipsum
608 4104 735 4165 ioannes
750 4107 872 4167 Islebius
887 4109 1010 4170 titularit
1025 4114 1055 4170 et
1069 4126 1154 4186 quum
1170 4107 1283 4169 sibimet
1296 4103 1374 4162 h0m⁰

793 4283 809 4321 ’it

292 4403 303 4448 1
324 4397 385 4450 Lies
403 4400 622 4454 Astronomicum.
651 4401 711 4467 Vgl.
730 4417 791 4454 aum
811 4406 843 4452 14
860 4402 923 4455 Juu.
