2966 4900
783 349 850 415 225

226 549 332 593 novum
345 537 549 592 testamentum
568 550 587 594 s
606 531 724 591 doctore
737 529 868 590 Lutinerc
883 532 1046 606 germanice
1059 542 1178 591 nemum
1195 529 1377 604 incidinnin

227 641 307 713 cujus
321 636 411 712 foliis,
433 655 497 712 qum
516 638 592 697 libro
610 635 731 712 praefixn
746 641 842 708 erunt,
866 653 955 696 manu
969 653 1068 695 socrus
1082 637 1205 712 propria
1217 637 1277 694 hoec
1288 637 1378 710 scriptu

227 743 349 803 vidimus
364 760 399 802 sc
411 744 502 803 latine
516 749 662 816 utcunque
674 740 866 802 reddidimus:
891 741 997 800 »Anno
1012 739 1121 800 domini
1145 743 1232 800 1526
1247 743 1316 800 inter
1328 757 1380 813 sep

227 851 326 907 timum
340 855 369 909 et
384 853 514 908 octavam
527 849 614 906 hores
629 845 767 921 invigilin
780 847 925 922 paschatis
942 847 973 904 iu
988 843 1273 906 arecdrnstedtsub
1285 851 1380 904 nucum

226 959 295 1012 nats
310 959 354 1011 cst
367 953 528 1012 Anastasis.
567 951 655 1011 Anno
673 951 783 1011 dondni
806 953 889 1010 152⁷
906 951 953 1011 die
967 953 1049 1011 Jovis
1063 956 1132 1011 ente
1145 950 1254 1010 festum
1267 948 1381 1024 pmidcu-

225 1058 312 1115 tionis
326 1057 429 1116 Muriae
452 1065 537 1117 natus
556 1055 611 1116 fuit
624 1057 766 1116 Henricus
785 1058 816 1115 in
830 1053 981 1116 Arnstndt.
1019 1055 1104 1115 Anno
1124 1057 1237 1116 domini
1255 1055 1332 1114 1529
1345 1053 1382 1112 die

225 1161 330 1220 Martis
362 1167 429 1236 post
458 1163 573 1222 Laetere
603 1161 681 1222 infre
702 1179 807 1222 nonum
830 1165 860 1220 et
887 1159 1025 1220 decimum
1050 1161 1135 1220 nutus
1160 1165 1207 1220 est
1230 1159 1381 1221 wilhelmus

226 1266 369 1326 chricus
383 1267 414 1326 in
429 1259 609 1327 Rudclstsdt.
642 1267 727 1326 Anno
746 1267 830 1325 1530
852 1265 900 1325 die
914 1265 1006 1324 Lnnae
1023 1272 1090 1339 post
1103 1267 1282 1326 visitationis
1294 1264 1382 1323 Muris

225 1374 400 1432 transeuntis
414 1379 550 1432 montana
563 1371 640 1431 infru
654 1377 787 1454 quartum
801 1376 831 1429 et
846 1371 976 1443 quintam
990 1370 1077 1430 herus
1091 1372 1168 1430 'ante
1183 1367 1329 1429 meridiem
1340 1383 1381 1425 m·

224 1483 272 1534 tus
286 1483 331 1536 est
346 1476 512 1536 Guntherus
526 1476 686 1535 wilhemus
700 1476 732 1534 in
745 1475 926 1536 Rudelstsdt.
949 1477 1036 1535 Anno
1050 1473 1159 1534 domini
1178 1476 1266 1534 1538
1280 1475 1310 1532 iu
1322 1473 1381 1546 vigi·

224 1581 264 1638 lie
277 1581 470 1654 conceptionis
484 1579 588 1640 Mariae
607 1587 677 1640 neta
698 1586 743 1639 est
755 1579 841 1639 Anne
853 1579 952 1639 Meris
970 1578 1046 1640 inire
1065 1587 1179 1640 sextam
1204 1587 1235 1640 et
1249 1580 1383 1654 septimam

225 1691 337 1744 noctem
351 1701 450 1744 versus
465 1688 495 1744 in
509 1685 681 1746 Rudelstudt
701 1690 731 1744 et
744 1686 971 1758 haecposthnma
989 1690 1042 1744 est.
1081 1684 1168 1745 Anno
1184 1685 1294 1746 domini
1311 1681 1383 1741 1528

224 1789 271 1847 die
286 1788 376 1848 Lnuae
391 1799 457 1865 post
471 1789 588 1851 Laemre
603 1795 670 1854 ente
689 1790 886 1850 duodecimum
901 1791 994 1850 noctis
1007 1795 1076 1849 nete
1091 1791 1136 1850 est
1150 1789 1278 1850 Aemssin
1291 1789 1320 1848 iu
1332 1789 1383 1846 Ru-

225 1893 358 1955 delstadt.
397 1898 443 1954 Ex
462 1895 507 1954 his
529 1903 684 1970 supersunt
705 1903 820 1956 etcum
840 1893 934 1954 sdhuc
946 1894 1083 1956 duuntur'
1096 1894 1228 1955 sineres
1242 1893 1384 1954 Anastasia

224 2015 300 2058 nunc
314 2001 458 2060 comitissa
471 2001 503 2058 in
517 1999 665 2075 Waldeck‚
680 2001 790 2061 habens
803 1999 891 2060 filiam
907 2017 945 2060 ex
958 1981 1194 2062 Eubulomaritc
1209 1999 1384 2061 &marinum

223 2105 350 2177 nomine3
366 2104 498 2180 Aemilia,¹
514 2121 578 2178 quse
593 2109 660 2164 ante
675 2121 766 2165 annos
782 2107 884 2166 ebhinc
893 2111 958 2167 octo
974 2104 1027 2167 sub
1041 2103 1257 2168 conditionibus
1272 2105 1382 2179 despon-

223 2214 286 2267 sata
302 2215 345 2269 est
360 2207 509 2271 Guntherc
525 2191 667 2269 tiumheni
680 2211 792 2270 comitis
806 2227 825 2270 a
839 2207 1168 2285 Schwartzbmgk‘fflio,
1194 2213 1252 2272 sed
1266 2205 1383 2270 'nendum

222 2316 329 2387 nuptias
344 2321 469 2389 perectae
487 2321 563 2390 sunt,
577 2316 663 2374 Anna
675 2313 772 2375 Maria
786 2314 841 2374 hoc
856 2333 933 2376 anuo
948 2317 1084 2376 decennis
1096 2315 1260 2390 posthuma.
1276 2315 1383 2374 Fratres

222 2435 290 2479 vero
310 2417 434 2481 inientes
452 2421 549 2482 omues
577 2439 593 2480 e
608 2422 668 2482 vita
681 2423 849 2494 migrarant.
886 2421 1010 2481 Domine
1024 2421 1105 2496 deus,
1120 2422 1198 2481 intel·
1214 2419 1295 2496 cuius
1308 2423 1382 2480 innu-

222 2539 316 2586 meras
337 2527 439 2586 leudes
459 2533 489 2587 et
507 2528 569 2587 hoec
581 2529 635 2588 tibi
649 2528 827 2602 decantatur,
865 2521 897 2586 tu
912 2527 1020 2601 pupillo
1035 2535 1064 2589 et
1083 2509 1179 2588 niduae
1190 2529 1254 2588 cris
1268 2527 1381 2602 adjutor,

223 2631 394 2704 pupillorum
410 2639 439 2692 et
453 2635 552 2692 matris
568 2649 680 2708 quoque
695 2634 836 2692 rationem
850 2633 957 2694 habere
972 2632 1129 2708 dignetis«
1185 2657 1197 2664 ·*
1288 2659 1291 2666 ⁴

310 2735 422 2797 Eadem
436 2738 466 2796 in
481 2741 584 2798 sacello
599 2726 673 2799 arcis
691 2737 815 2799 vidimus
836 2751 926 2812 supra
945 2739 1038 2797 altare
1052 2727 1274 2798 ‘introeuntibus
1287 2735 1329 2796 sd
1341 2734 1382 2792 le·

221 2842 424 2916 vamnngna
436 2841 576 2902 Maronis
593 2849 622 2903 et
637 2843 734 2903 enviae
750 2838 937 2903 econnstum
960 2823 1125 2902 emunim
1139 2825 1329 2902 nuncnune
1341 2851 1380 2898 re-

220 2946 387 3005 suscitatum
409 2945 641 3007 artificiosissime
663 2943 786 3022 depicti.
833 2943 947 3007 Dicitur
968 2951 1063 3008 eutem
1086 2961 1156 3020 opus
1180 2945 1270 3006 inisse
1293 2945 1329 3005 N.
1351 2957 1381 3001 ex

220 3045 339 3107 ducibus
354 3047 451 3108 Oliviae
467 3055 497 3109 ct
511 3050 659 3112 comitibus
673 3051 823 3111 Merchiae'
835 3057 993 3135 procreate
1012 3049 1164 3112 comitissae
1184 3053 1215 3111 in
1231 3052 1379 3113 Schwartz·

221 3149 304 3227 burg.
791 3175 794 3182 ⁴
850 3178 854 3184 ¹
885 3174 888 3182 ⁴
904 3153 907 3159 '
945 3153 948 3158 '
1089 3175 1091 3182 ⁴

247 3269 250 3274 '
308 3259 418 3322 Eadem
440 3261 559 3333 legimus
574 3251 646 3320 iicet
665 3267 750 3322 antec
772 3261 926 3324 viderimus
942 3280 960 3323 e
975 3245 1180 3339 Sathenaipso
1192 3261 1380 3324 'inventnnct

218 3370 309 3430 esuis
332 3369 487 3452 conjuretis
511 3368 701 3442 conscriptum
720 3359 927 3444 ¹jurameutum,
953 3364 1033 3444 qnod
1050 3367 1216 3428 'sacerdotes
1235 3361 1338 3428 cursus
1351 3379 1379 3422 se

218 3475 329 3534 romani
348 3473 458 3550 imperii
481 3473 661 3550 pontificibus
675 3469 830 3560 'subdentes
849 3479 988 3548 praest'are
1000 3473 1118 3534 debent.
1157 3473 1216 3534 Sed
1227 3474 1301 3560 [quid
1313 3485 1377 3544 uge-

217 3577 304 3635 mus?
317 3579 382 3637 Nisi
396 3581 433 3639 ad
449 3580 594 3642 dominum
609 3575 816 3640 ardentissimis
831 3579 904 3639 iotis
917 3580 1026 3638 intimis
1044 3571 1083 3638 'ex
1097 3576 1265 3653 pnaeccrdiis
1280 3577 1376 3636 dane·

216 3693 288 3753 mus,
304 3697 341 3738 ne
355 3685 471 3744 tandem
492 3685 529 3745 ob
550 3692 651 3746 nostra
672 3680 790 3760 peccata
809 3677 1001 3757 blasphemam
1027 3699 1132 3744 nomen
1154 3687 1281 3742 sunctum
1301 3691 1378 3740 suum

216 3783 300 3856 sinat,
317 3781 499 3859 dicamusque
514 3803 577 3848 cum
593 3785 764 3865 archangelo
780 3777 937 3876 Micheele':
972 3775 1162 3862 Corripiat'te
1177 3785 1376 3854 deus'Sctimn,

213 3887 324 3948 ludicra
341 3887 416 3946 enim
431 3903 492 3963 prce
506 3880 551 3951 his
567 3890 751 3967 blasphemiis
771 3881 904 3954 ¹videntur
925 3882 1306 3967 quaecunque'Sannehedb,
1320 3885 1375 3948 He

214 3993 351 4069 liodorus,
368 3993 522 4069 Rapsaccs
540 3995 640 4074 scribes
656 4003 685 4056 ct
698 4000 838 4058 Pharisaei
853 4004 883 4058 et
898 3997 1033 4072 quicquid
1046 3997 1132 4072 hujus
1147 3998 1318 4072 turpissime
1333 4011 1375 4053 cc·

213 4116 301 4159 meree
316 4099 461 4160 hominnm
476 4100 623 4174 opprobrii
631 4099 743 4163 Christo
760 4103 873 4166 domino
890 4110 918 4165 et
933 4107 1009 4181 patri
1025 4105 1085 4180 ejus
1101 4105 1211 4165 coelesti
1224 4107 1375 4174 sanctoque

214 4205 329 4280 spiritui
351 4223 476 4280 unquam
496 4205 661 4280 cbjecerunt
682 4211 711 4266 et
726 4207 780 4268 nisi
799 4197 1052 4294 haee'ilaspheme'
1066 4224 1122 4270 crs
1139 4205 1376 4284 ipsa‘sibimgso

212 4309 348 4370 labellum
364 4318 553 4388 compescunt,
572 4313 729 4374 timendum
744 4319 801 4390 est,
822 4332 858 4376 ne
873 4317 904 4375 in
920 4311 968 4376 eds
985 4303 1141 4390 digne-voi
1152 4301 1263 4374 dimisti
1277 4323 1373 4374 couve-

213 4417 287 4476 uiat:
311 4413 476 4496 moriemini
495 4419 526 4479 in
544 4419 668 4493 peccetis
693 4417 817 4494 vestiis·
837 4409 997 4482 iicet'cae'ei·
1013 4409 1043 4482 et
1057 4407 1152 4482 'duces'
1165 4423 1304 4483 cecorum
1317 4427 1373 4491 prae
