2940 4900
648 361 711 426 las

90 545 261 618 plectuntur,
281 562 343 604 cnm
358 545 479 605 maxime
493 543 608 629 intersit
621 557 730 616 eorum,
755 542 804 615 qui
820 540 859 600 ad
872 541 1066 614 gubernacula
1080 541 1190 615 sedent,
1205 558 1258 616 pu·

91 648 142 706 uiri
157 650 221 708 haec
242 651 362 710 scelera.
401 650 460 710 Sed
480 649 551 723 qnid
570 647 683 708 dicam?
706 647 760 718 ait3
783 662 831 704 res
850 651 920 709 eunt
938 650 971 704 ut
990 651 1109 719 possunt
1133 646 1261 721 (nolebat

90 755 160 810 enim
175 755 352 813 camerinam
367 754 445 813 illam
460 754 608 813 Iberorum
624 757 653 812 et
662 751 870 810 Germanorum
886 767 998 824 quoque
1013 752 1107 810 acrius
1122 750 1259 827 movere),

91 859 254 916 absterrens
272 871 385 931 quoque
401 858 535 933 apposita
549 858 685 917 antithesi
700 857 736 916 de
757 859 801 916 ira
816 861 845 915 ei
860 857 1055 927 contentione,
1072 857 1258 930 potissimum,

90 964 253 1020 sumsimus
270 960 322 1020 filii
337 963 415 1035 pacis
430 967 460 1022 et
474 962 649 1036 concordia,
675 977 711 1020 ne
733 959 815 1019 frena
838 961 918 1020 carni
935 967 1040 1020 nostras
1055 960 1258 1036 relaxaremus,

90 1063 353 1126 commonefaciens.
392 1067 468 1126 Nam
483 1068 507 1125 si
522 1067 563 1125 illi
578 1067 767 1139 blandiamur,
792 1071 870 1125 certe
886 1065 1027 1125 discurret
1041 1067 1071 1124 in
1087 1081 1169 1125 onme
1184 1081 1259 1140 prae-

91 1176 202 1244 mptum
218 1176 249 1229 st
265 1186 394 1245 praeceps
409 1172 552 1230 vitiorum.
587 1170 644 1230 Sed
658 1172 758 1230 desum
774 1168 918 1228 Christum
941 1171 1091 1243 imitemur,
1115 1170 1192 1242 quod
1207 1187 1258 1229 no-

90 1274 193 1348 bisper
212 1275 335 1336 eundem
360 1275 493 1336 (hiertam
514 1274 604 1336 lilium
626 1291 708 1334 suum
731 1266 813 1348 pater
836 1274 961 1332 coelestis
982 1275 1083 1348 largiri
1106 1279 1136 1332 et
1157 1275 1187 1332 in
1202 1275 1259 1347 spi·

91 1379 183 1438 ritus.
200 1395 255 1440 suo
271 1396 373 1456 regere
388 1378 476 1440 corda
491 1387 590 1440 nostra
606 1381 750 1454 dignetur.
773 1379 875 1436 Amen.

175 1483 290 1545 Eadem
307 1485 462 1546 chunrado
477 1503 495 1545 a
511 1485 686 1545 Schonstadt
708 1485 820 1542 litteras
844 1483 882 1541 ad
897 1483 1040 1542 dominam
1055 1498 1176 1556 socrum,
1193 1483 1259 1542 cha·

91 1605 147 1645 ram
163 1590 316 1664 conjugem
336 1595 366 1650 et
387 1595 501 1650 nostros
522 1590 599 1650 domi
619 1591 735 1650 relictos
758 1589 896 1648 dedimus.
935 1588 1071 1648 Glaserus
1094 1607 1208 1662 quoque
1223 1591 1260 1652 ad

91 1693 350 1768 Hennebergenses
365 1697 509 1769 principes
524 1695 700 1770 perscripsit.
725 1694 872 1754 Liberium
889 1693 925 1754 ed
940 1695 1071 1752 comitam
1077 1694 1260 1754 wilhelmum

94 1799 225 1858 misimus.
372 1777 375 1786 ’
1054 1815 1058 1819 ·

175 1905 268 1964 Venit
283 1904 396 1966 Samuel
418 1919 507 1979 nepos
530 1909 628 1964 noster
651 1903 693 1962 illi
713 1921 730 1963 a
750 1902 854 1962 nuncio
877 1902 1024 1963 Cattomm
1046 1904 1184 1978 principis
1199 1905 1259 1977 jam

21 2087 22 2094 ἵ
94 2013 148 2066 tum
162 2012 194 2068 in
209 2011 310 2083 platea
325 2008 515 2084 priesentibus
537 2012 639 2068 comite
654 2009 807 2069 wilhelmo
827 2008 973 2066 aNassau
994 2012 1024 2066 et
1042 2008 1153 2068 Joanne
1168 2008 1258 2067 libet-

95 2112 188 2186 bergio
203 2115 314 2174 dictum
330 2130 409 2188 esse,
427 2113 567 2173 dominam
582 2115 741 2188 principem
756 2114 794 2172 ad
809 2115 942 2172 maritum
958 2113 1171 2187 landtgravium
1187 2131 1258 2174 non·

96 2217 157 2276 dnm
171 2219 340 2291 admissam,
362 2219 414 2278 sed
433 2235 493 2278 non
514 2219 614 2293 procul
635 2221 665 2276 in
681 2218 816 2293 oppidulo
835 2219 918 2290 juxta
933 2217 1074 2276 Heilbruu
1089 2234 1151 2276 eam
1166 2218 1259 2277 adhuc

96 2326 263 2398 mansitare,
287 2325 418 2398 huncque
437 2324 567 2382 nuntium
582 2324 691 2382 misisse
705 2323 744 2382 ad
757 2321 977 2395 impetrandum,
994 2336 1049 2394 quo
1064 2319 1138 2379 liber
1152 2323 1206 2392 ipsi
1222 2322 1259 2380 ad

96 2431 224 2488 maritum
247 2433 322 2488 esset
337 2428 447 2502 aditus,
468 2431 619 2500 secumque
640 2429 820 2488 constituisse
840 2443 875 2484 ex
894 2427 939 2485 his
962 2427 1020 2508 oris
1035 2440 1092 2482 non
1108 2425 1260 2484 excederet

97 2532 123 2590 ni
137 2534 255 2594 videndi
270 2534 352 2608 copia
368 2535 394 2592 ei
409 2530 513 2594 fieret..

177 2639 201 2699 0
217 2639 363 2711 Fortuna,
386 2637 529 2710 Fortuna,
545 2641 578 2694 ut
591 2651 644 2695 nos
658 2652 711 2711 pro
727 2634 786 2708 pila
808 2633 907 2692 habes.
946 2633 1076 2706 Respice,
1094 2632 1214 2706 domine,
1231 2638 1260 2693 et

96 2741 244 2814 miserem
268 2741 384 2802 taudem
397 2746 507 2817 tempus
523 2740 672 2815 surgendi,
688 2739 762 2814 veni,
780 2738 902 2812 domine,
919 2744 948 2798 et
958 2738 1057 2810 judica
1071 2740 1194 2796 terram!

177 2847 332 2922 Philippus
347 2849 480 2920 princeps
496 2863 559 2906 cum
573 2845 672 2906 videat
692 2861 723 2902 se
737 2841 862 2916 undique
886 2843 1015 2902 delusum
1030 2858 1066 2900 ex
1080 2844 1259 2917 impatientia

96 2953 122 3006 et
136 2953 234 3012 morbo
255 2952 399 3026 phrenesi
420 2950 554 3010 laborare
569 2951 714 3010 metuitur.
754 2950 825 3023 Spes
845 2939 1015 3009 afflictorum
1030 2949 1108 3008 Deus
1131 2954 1160 3008 et
1174 2950 1215 3007 illi
1231 2955 1259 3008 et

97 3052 171 3114 nobis
187 3031 298 3116 adamo.

177 3161 335 3220 Mauritius
351 3159 409 3220 dux
424 3160 556 3219 Saxouiae
572 3165 602 3218 et
616 3175 705 3234 gener
719 3159 867 3219 Cattorum
882 3160 1022 3242 principis
1035 3160 1184 3220 simulator
1199 3175 1257 3219 ma·

99 3261 184 3324 ximus
200 3263 380 3324 consiliarios
395 3279 460 3324 suos
476 3266 580 3324 sensim
596 3281 613 3322 a
629 3263 743 3324 domina
758 3267 888 3340 principe
902 3269 1017 3326 amovit.

178 3368 291 3428 Eadem
305 3351 481 3430 licentiatum
496 3367 645 3428 Nicolaum
660 3369 755 3429 Maier
770 3371 926 3429 invisimus.

180 3471 282 3534 Comes
297 3489 315 3531 a
329 3473 444 3534 Nassau
458 3474 513 3534 hoc
528 3473 574 3534 die
589 3490 652 3532 eum
667 3472 834 3547 proceribus
849 3473 959 3544 aliquot
973 3472 1085 3544 aulicis,
1103 3488 1174 3543 qnos
1190 3489 1257 3531 con·

98 3574 165 3636 rivio
182 3582 354 3652 excepturus
369 3585 447 3651 erat,
469 3577 505 3637 de
528 3579 644 3652 negotio
659 3583 759 3635 nostro
783 3593 868 3650 agere
884 3576 983 3634 voluit
1023 3575 1079 3634 Sed
1095 3581 1195 3650 postea
1209 3593 1258 3634 ex·

97 3683 165 3749 pem
186 3699 282 3741 sumus
303 3684 444 3742 neminem
467 3685 545 3742 inter
565 3697 741 3742 caesareanas
764 3675 838 3754 esse,
857 3675 908 3754 'qui
924 3697 1010 3754 super
1025 3681 1195 3740 contritione
1209 3681 1259 3742 Jo-

97 3786 160 3857 seph
176 3785 362 3860 affligeretur.

177 3889 287 3950 Eadem
304 3889 488 3950 cuonradum
504 3890 698 3950 ascnonstad
714 3890 828 3950 domum
842 3891 1065 3952 amandavimus.

179 3995 307 4055 loannes
328 4011 346 4054 a
368 3995 528 4056 Schonstad
543 3974 722 4054 Luderitium
737 3998 870 4056 convenit
891 4002 920 4056 et
944 3997 1020 4058 idem
1042 3998 1123 4057 nobis
1146 3999 1258 4080 obvium

28 4155 36 4180 ,
98 4091 192 4158 lactus.
216 4099 401 4158 Permisimus
424 4100 513 4174 igitur
533 4101 673 4160 voluntati
688 4102 860 4160 marchionis
875 4103 1017 4175 electoris,
1041 4103 1065 4159 si
1080 4101 1259 4160 intercedere

96 4213 142 4268 pro
158 4203 240 4263 nobis
257 4203 345 4263 vellet
359 4221 397 4264 an
413 4215 503 4263 secus

179 4307 277 4367 Caeser
298 4323 351 4382 per·
374 4307 554 4367 archiducem
570 4309 794 4368 Maximilianurn
816 4327 835 4368 a
856 4315 958 4368 senatu
976 4309 1145 4382 Argustana
1167 4310 1257 4383 petiit,

97 4415 124 4468 ut
137 4413 161 4470 is
175 4414 225 4487 qui
245 4429 280 4472 ex
296 4413 544 4497 concionatoribus
559 4413 595 4474 de
615 4414 793 4476 interimilla
809 4415 925 4474 sinistro
939 4415 1049 4473 locutus
1065 4419 1154 4487 esset,
1174 4415 1257 4474 casti-
