3028 4894
754 329 797 395 56

276 517 388 578 Eadem
402 520 436 592 is,
460 517 510 591 qui
524 519 592 575 ente
606 527 714 588 paucos
728 510 789 574 dies
805 527 868 572 cnm
883 511 1017 574 sodalitio
1033 517 1272 575 concameratum
1285 509 1370 570 hiun-
1492 575 1493 584 ,

190 624 250 683 ritii
263 623 406 683 Electoris
420 622 545 696 injussus
559 623 715 692 reserarat,
738 615 820 678 furca
837 633 992 692 suspensus
1012 624 1064 693 est,
1088 634 1186 694 quem,
1213 617 1285 691 qnia
1298 615 1370 675 Bur-
1487 689 1489 695 ι

189 729 297 804 gaudio
317 731 394 801 crat,
419 726 549 786 dominus
568 724 604 783 de
620 720 801 782 Grandevela
815 728 866 783 aut
887 739 945 782 non
965 725 1062 797 puniri
1082 729 1132 784 aut
1151 721 1230 798 fuga
1246 722 1374 795 elapsum
1488 712 1489 723 ’

190 834 340 906 uoluisset,
369 831 422 890 sed
441 830 597 889 Mauritius
619 829 727 888 elector
748 829 866 903 institit,
890 833 923 887 ut
943 829 1007 889 loco
1029 829 1142 902 publico
1164 831 1240 887 unte
1267 826 1376 885 cunum

191 943 356 997 senatorum
379 935 516 1010 Augustae
539 934 770 1008 suspenderetur.
807 932 864 1005 Qui
891 933 944 992 sub
966 933 1134 1006 supplicium
1160 932 1298 1006 psalmos
1324 931 1374 989 ali-
1490 967 1491 970 κ

192 1047 263 1115 quot
283 1041 389 1112 orarit,
412 1038 476 1099 Deo
499 1039 623 1099 ammam
642 1038 731 1097 latine
753 1053 893 1111 perurens
915 1038 1135 1112 commendavit,
1168 1037 1224 1112 qui
1248 1051 1318 1096 eum
1340 1034 1376 1093 oh

191 1142 244 1203 filii
258 1145 302 1204 sni
317 1149 450 1218 modern,
474 1147 507 1203 ut
522 1159 683 1220 speramns,
707 1143 840 1216 suscepit.

281 1249 386 1310 Frater
407 1252 505 1308 noster
524 1249 672 1324 Philippus
695 1254 724 1308 et
742 1246 931 1308 Wendclinns
951 1248 1097 1310 doctorem
1119 1247 1264 1309 Gerulum
1287 1245 1379 1304 Harst

193 1353 291 1416 adiere
306 1361 336 1414 et
350 1351 428 1428 apud
442 1353 661 1414 Auchatensem
676 1353 913 1413 sollicitaremnt.

282 1457 393 1520 liudem
416 1457 508 1518 frater
530 1463 629 1518 noster
650 1458 776 1518 loannes
798 1456 882 1518 nobis
907 1463 1028 1518 mortem
1050 1457 1166 1518 infantis
1193 1451 1330 1516 Gotthili
1349 1454 1379 1511 iu

194 1565 345 1626 Marxsnla
358 1564 503 1636 indicauit,
528 1564 574 1621 cni
590 1563 677 1623 dubio
692 1562 802 1636 procul,
823 1563 906 1636 juxta
921 1578 1033 1638 nomen,
1057 1563 1135 1638 quod
1153 1563 1239 1637 prins
1256 1559 1378 1620 sortitus

195 1674 252 1743 est,
276 1668 357 1729 Dens
372 1673 512 1743 perpetuo
528 1666 673 1741 adjutorio
689 1667 754 1727 erit.
1488 1730 1490 1740 y

282 1773 427 1832 Martinus
441 1773 569 1831 Bucerus
584 1775 686 1829 contra
700 1769 914 1832 vintoniensem
929 1772 1118 1846 antiquissimi
1132 1772 1313 1831 Ehraeorum
1328 1782 1378 1828 cos
1489 1799 1490 1828 ι

196 1879 246 1954 qni
260 1877 338 1936 ultra
352 1875 485 1936 idoneam
499 1875 674 1935 rnatmmonii
688 1881 802 1936 aetatem
822 1876 938 1938 coelibes
957 1881 1083 1951 manent,
1106 1876 1193 1950 idque
1208 1891 1274 1936 non
1289 1887 1378 1933 cause
1488 1951 1489 1960 3

193 1981 323 2044 discendi
335 1982 428 2055 legem
436 1979 493 2040 Dei
506 1981 698 2055 pronuncient
713 1979 850 2041 obnoxios
865 1997 928 2042 esse
943 1983 1067 2041 criminis
1081 1978 1138 2040 iusi
1153 1981 1309 2056 sanguinis
1324 1978 1375 2036 im-
1485 1979 1489 2068 3

195 2089 369 2160 minuteque
388 2086 488 2160 gloriae
508 2089 537 2144 et
556 2086 683 2159 molestis
697 2083 754 2144 Dei
767 2087 798 2145 in
813 2087 919 2162 populo
939 2085 1030 2146 Israel
1045 2090 1074 2146 et
1088 2087 1222 2160 indignos
1240 2081 1375 2159 proinde,
1486 2081 1487 2118 l

196 2191 291 2266 quiin
305 2190 412 2264 populo
426 2190 482 2250 Dei
497 2191 663 2250 tolerentur.
695 2189 924 2251 Tentiiecemnt
938 2189 1062 2251 officinm
1076 2190 1252 2266 procreandi
1267 2187 1376 2248 liberos
1481 2205 1487 2274 3

195 2298 226 2359 in
240 2295 347 2371 populo
362 2293 428 2354 Dei.
460 2291 531 2354 Cum
550 2293 595 2355 his
616 2297 827 2358 consentientes
847 2297 990 2370 sapientes
1011 2295 1177 2356 Graecorum
1196 2292 1375 2356 censuerunt

196 2416 316 2475 eosque,
340 2400 390 2474 qui
416 2403 507 2473 usque
534 2398 573 2458 ad
595 2415 702 2459 annum
720 2401 1049 2484 tpicesimnm'quertum
1068 2402 1184 2462 coelibes
1207 2404 1322 2472 essent,
1346 2399 1376 2454 et

196 2507 388 2566 multarentur
401 2503 522 2578 pecunie
537 2508 567 2563 et
581 2501 764 2565 efficerentur
778 2507 944 2582 ignominia,
957 2511 987 2566 et
1000 2506 1168 2566 nominatim
1183 2521 1228 2580 ea,
1241 2509 1277 2565 nt
1289 2515 1372 2562 nemo

197 2611 253 2672 illis
268 2625 333 2671 eum
347 2609 487 2670 honorem
501 2608 659 2685 exhiberet,
684 2612 733 2684 qui
748 2613 822 2673 solet
841 2628 859 2671 a
877 2611 1034 2671 minorihus
1056 2610 1183 2670 exhiheri
1198 2606 1372 2670 senioribus.

286 2713 367 2774 Aleae
387 2715 448 2774 ludi
467 2712 577 2775 fructus
595 2714 663 2774 hinc
682 2720 812 2790 apparet,
836 2717 914 2791 quod
932 2717 1137 2776 nudiustertius
1158 2716 1189 2774 in
1203 2715 1273 2775 aula
1286 2711 1371 2772 Mau·
1484 2727 1485 2730 ¹

197 2821 257 2880 ritii
271 2838 344 2896 puer
358 2821 468 2881 anhcns
483 2819 696 2879 adolescentem
709 2821 833 2882 nobilem
848 2838 912 2882 cum
926 2823 988 2896 ipso
1004 2821 1069 2880 elea
1082 2824 1248 2894 certantem,
1264 2817 1373 2879 nnllam

198 2927 236 2987 oh
257 2941 381 2999 eausam,
404 2939 490 2998 quum
511 2923 587 2998 quod
607 2923 703 2984 verbis
723 2925 761 2985 ah
782 2942 816 2987 eo
837 2927 1038 3002 corrigeretur,
1062 2926 1112 2984 ilia
1132 2922 1299 2998 uauaiodit,
1323 2916 1372 2993 qui

199 3029 306 3089 etheri
319 3033 407 3086 terrae
421 3025 486 3086 fidae
501 3029 585 3087 matri
599 3027 764 3088 reconditus
778 3037 831 3090 est.

233 3153 236 3158 ·
288 3129 591 3192 Funiizehenhundert
604 3132 853 3210 Barchetmacher,
877 3136 924 3196 die
944 3153 997 3197 vor
1011 3137 1132 3195 Meister
1152 3136 1286 3211 geeohtet
1299 3144 1369 3191 ucr-

200 3237 286 3313 denn,
311 3239 389 3298 ohnu
408 3253 467 3297 was
487 3239 528 3296 sie
547 3236 594 3298 fur
614 3238 737 3299 knechtc
756 3239 881 3315 habeon,
904 3242 979 3300 seint
997 3241 1207 3316 zwvnugspurg
1221 3230 1369 3300 uonnhai-

199 3345 251 3421 lig.
286 3343 326 3405 Et
345 3341 376 3400 hi
396 3346 464 3402 sunt
480 3346 623 3418 textores,
647 3345 696 3418 qui
716 3343 870 3405 christiana
890 3349 1003 3406 utentes
1022 3345 1157 3406 libertate
1176 3351 1276 3406 conam
1295 3354 1368 3418 prae·

201 3452 337 3527 scriptum
350 3448 439 3510 Moisi
452 3449 540 3508 telem
555 3454 584 3510 et
598 3454 691 3509 restes
707 3465 743 3508 ex
757 3450 825 3510 lane
840 3450 941 3510 ethus
956 3447 1098 3510 conficere
1113 3450 1283 3510 didicerunt.
1394 3501 1399 3507 ,

288 3554 399 3616 Eadem
420 3557 511 3615 molas
533 3555 656 3631 ahqnot,
685 3556 716 3614 in
737 3556 840 3630 quibus
861 3571 1001 3630 papyrus,
1026 3571 1090 3629 quae
1113 3556 1368 3629 regenerentur,

201 3677 238 3721 ex
252 3660 386 3720 murtetis
401 3665 431 3719 et
444 3660 535 3733 peplis
556 3661 640 3720 lineis
662 3658 828 3735 conficitur,
851 3660 973 3720 vidimus
990 3655 1001 3694 ¹
1025 3665 1054 3720 et
1067 3677 1141 3720 unus
1155 3660 1228 3720 liber
1243 3661 1305 3734 ejus
1318 3673 1366 3732 pa·

201 3765 265 3838 pyri
289 3763 386 3823 decem
406 3765 560 3837 crncigcris
582 3765 679 3823 veniit.
714 3765 844 3825 Vidimus
865 3771 895 3826 et
913 3765 1013 3826 hortos
1031 3765 1186 3826 latissimos
1206 3782 1270 3825 cum
1290 3777 1367 3824 man·

202 3865 340 3927 eiunculis
360 3865 472 3939 aliquot
492 3871 522 3925 et
541 3882 658 3942 scopum
678 3885 736 3929 non
756 3887 853 3944 unum,
876 3872 907 3929 in
927 3869 1029 3944 quibus
1048 3869 1171 3945 Hispeni
1190 3887 1243 3930 nec
1262 3885 1319 3930 non
1340 3868 1368 3924 et

202 3970 277 4030 cives
299 3969 379 4030 urhis
401 3968 540 4043 Augustae
563 3969 688 4046 balistis,
719 3989 789 4032 arcu
812 3974 857 4050 (ut
878 3972 993 4048 vocent)
1017 3975 1144 4050 anglico,
1168 3961 1319 4051 catapultis
1341 3974 1369 4030 et

203 4075 342 4150 quidquid
360 4075 402 4134 itu
421 4078 466 4132 est
484 4073 738 4136 instrumentorum
756 4078 793 4138 ed
811 4079 986 4153 torquendas
1006 4080 1125 4154 sagaces
1145 4083 1176 4140 et
1194 4079 1311 4153 glandes
1325 4078 1366 4136 in·

203 4186 333 4254 ventum,
356 4195 387 4240 se
402 4179 568 4240 exercitant.

779 4312 795 4348 s

278 4400 289 4447 l
310 4393 424 4447 vidimus
443 4393 508 4448 fehlt
526 4396 554 4448 iu
572 4395 617 4448 der
635 4396 676 4448 hs.
