2940 4900
773 295 836 360 154

305 479 437 540 Ketteler
457 479 568 538 nobiles
590 478 631 536 eis
652 477 784 536 Rhenum
805 476 1015 550 archiepiscopi
1041 473 1218 534 Coloniensis
1238 472 1267 530 in
1286 469 1363 528 West»
1439 495 1440 546 ἦ

215 585 314 660 phalis
328 583 559 643 archicamerarii
574 585 649 639 sunt.
1438 551 1440 596 ³

304 687 418 748 xJunii
438 688 469 746 in
490 685 595 759 templo
617 684 748 742 Mauritii
766 684 839 743 hora
860 688 997 743 consueta
1017 683 1171 742 decantata
1189 685 1255 738 sunt
1273 679 1367 736 cantica
1441 699 1443 712 ·

215 808 299 854 sacra
313 797 343 851 et
355 792 532 866 potissimum
548 805 612 863 quoe
627 788 665 848 ad
678 785 861 846 animandum
876 787 988 862 plebem
1004 786 1110 846 Christi
1127 786 1160 843 in
1178 785 1257 844 hisee
1274 788 1365 852 tempo

215 895 295 955 ribus
312 894 452 966 facerent,
476 893 568 966 qualis
588 898 645 952 est:
668 893 733 950 Nisi
748 877 833 950 'Deus
852 893 964 950 eratin
983 892 1079 966 nobis,
1104 891 1183 949 dicat
1198 903 1272 947 nunc
1284 885 1367 944 lsrael.

214 999 288 1058 Item
310 999 390 1057 Deus
410 995 552 1070 refugium
576 997 728 1071 sipirtus,
760 1003 789 1056 et
811 998 905 1058 oratio
927 997 1069 1054 dominica
1089 993 1306 1066 paraphrastica
1326 995 1368 1046 cte.

215 1102 327 1161 Deinde
342 1102 472 1160 minister
486 1101 612 1159 ecclesiae
627 1117 681 1174 pro
697 1107 832 1174 suggestu
847 1105 934 1173 ceput
952 1103 991 1158 18
1007 1099 1140 1158 Matthaei
1155 1095 1295 1171 praelegit.
1320 1093 1368 1150 llu-

214 1205 277 1266 bita
295 1205 396 1265 deinde
416 1202 593 1264 confessione
614 1205 730 1279 publica
749 1210 779 1263 et
799 1204 997 1264 obsecratione
1018 1219 1071 1275 pro
1092 1202 1243 1260 ordinibus
1263 1197 1371 1258 ecclesie

214 1316 280 1385 eto,
303 1309 437 1386 posthoc
452 1309 480 1368 d.
497 1327 532 1368 ex
550 1325 613 1382 cap.
637 1309 676 1367 15
691 1308 711 1366 J
713 1310 812 1367 oannis
827 1309 889 1366 haec
903 1308 992 1368 verba
1005 1308 1136 1379 repetiit:
1164 1305 1253 1364 «Non
1270 1303 1371 1376 posthac

213 1414 278 1474 dico
300 1431 352 1474 vos
375 1429 486 1488 servos,
516 1414 583 1485 quis
605 1427 705 1470 servus
727 1414 830 1486 nescit,
859 1413 931 1484 quid
952 1411 1039 1470 faciat
1059 1411 1195 1470 dominus
1218 1411 1287 1482 eius.
1324 1407 1371 1464 Vos

215 1523 312 1576 antem
332 1519 393 1576 dixi
412 1519 533 1590 amieos,
556 1518 626 1588 quin
645 1517 757 1590 omnia,
781 1533 845 1588 qnae
865 1517 963 1576 andivi
984 1533 1020 1574 ex
1039 1521 1222 1590 panemos,
1246 1517 1312 1570 note
1328 1507 1372 1566 feci

214 1620 314 1680 vohis«
332 1625 385 1680 ete.
413 1621 510 1680 Primo
525 1621 613 1692 igitur
626 1620 668 1678 ait
680 1621 711 1678 in
724 1622 890 1678 memoriam
904 1621 1067 1679 revocanda
1081 1617 1285 1678 antecedentia
1301 1615 1371 1682 dicta

214 1725 347 1782 nimirum
366 1725 444 1796 quod
460 1723 589 1783 Christus
609 1725 726 1784 dixerit:
751 1726 930 1797 Praeceptum
950 1725 1017 1784 dedi
1036 1723 1117 1782 vobis
1138 1727 1173 1780 ut
1194 1721 1315 1794 diligatis
1332 1731 1373 1774 vos

214 1829 342 1902 invicem,
360 1833 389 1886 et
403 1828 481 1901 quod
496 1828 536 1887 eis
552 1845 582 1888 se
597 1829 689 1901 ipsum
704 1830 789 1904 hujus
803 1831 940 1902 praecepti
954 1830 1114 1900 exemplum
1131 1829 1267 1900 praebens
1282 1820 1372 1894 inquit:

215 1931 546 2006 spalmodialem,
571 1939 601 1992 et
613 1950 708 2005 ,quum
728 1951 786 1994 non
805 1934 916 2008 vulgari
937 1933 1089 1992 dilectione
1110 1948 1159 1990 eos
1182 1933 1325 2004 diligeret,
1346 1939 1373 1981 cx

213 2052 249 2094 eo
263 2042 374 2109 patere,
398 2036 475 2110 quod
496 2035 573 2111 dicit,
597 2039 733 2110 majorem
754 2039 932 2096 charitatem·
944 2053 1028 2097 nemo
1048 2036 1143 2109 habet,
1169 2051 1257 2109 qnam
1276 2037 1306 2088 nt
1322 2027 1372 2088 ani·

211 2155 289 2198 mam
303 2155 384 2198 snam
399 2139 448 2198 det
462 2156 515 2212 pro
530 2143 627 2200 amicis
643 2144 701 2200 suis
717 2147 771 2200 etc.
804 2142 888 2213 Quod
902 2144 994 2216 ipsum
1015 2146 1045 2199 et
1063 2143 1125 2213 ipso
1140 2157 1232 2212 opere
1250 2132 1373 2211 postridie

213 2244 275 2316 ejus
290 2243 348 2304 diei
362 2246 506 2317 praestitit.
536 2247 609 2304 Item
628 2245 707 2317 qnod
724 2261 781 2303 non
802 2246 894 2304 solum
915 2246 1061 2318 discipulis
1080 2245 1133 2302 sed
1151 2245 1238 2304 nobis
1258 2240 1372 2302 omnihus

210 2352 384 2421 praeceptum
399 2348 547 2406 charitatis
563 2349 683 2409 dederit.
713 2336 784 2410 Item
800 2350 876 2423 quod
896 2366 954 2408 non
974 2351 1011 2408 sit
1027 2348 1141 2407 difficile
1161 2355 1303 2422 praestare
1316 2343 1371 2401 chae

211 2452 339 2526 ritatem,
367 2451 494 2516 infirmos
514 2455 645 2528 visitare,
675 2470 795 2528 corpore
817 2455 909 2512 nudos
931 2456 1051 2526 vestire,
1081 2454 1257 2512 esurientem
1277 2449 1371 2514 cibare,

211 2556 355 2616 sitientem
370 2561 441 2628 potu
456 2555 627 2631 refocillare,
652 2562 681 2616 ct
696 2558 721 2616 si
736 2558 805 2630 qnid
820 2557 960 2630 ejusmodi
975 2557 1067 2616 simile
1086 2561 1139 2615 est.
1170 2559 1279 2616 Verum
1293 2550 1371 2612 omni·

210 2659 264 2719 bns
278 2661 323 2718 his
337 2659 428 2733 majus
444 2661 490 2733 sit,
514 2662 636 2720 animam
650 2679 703 2735 pro
723 2664 813 2721 amieo
828 2664 967 2734 posuisse.
997 2664 1069 2720 Item
1091 2661 1169 2735 quod
1190 2665 1216 2720 si
1231 2662 1272 2719 sic
1285 2670 1370 2716 neces·

208 2765 281 2823 sites
296 2763 443 2828 charitatis
459 2765 620 2825 elmstianae
637 2769 741 2840 exiget,
765 2783 801 2826 ne
817 2772 912 2824 et'uos
928 2754 1038 2824 ‘imitari
1054 2764 1198 2824 Christum
1219 2767 1250 2822 in
1265 2764 1318 2820 hoc
1330 2758 1371 2815 de

212 2872 375 2926 trectemus.
405 2870 478 2926 ltem
500 2869 547 2939 qni
562 2867 622 2942 fiat,
646 2876 678 2928 ut
693 2869 823 2929 Christus
838 2857 979 2943 apostolis
996 2869 1085 2927 dicat:
1109 2865 1236 2927 Posthac
1250 2883 1305 2927 nun
1320 2863 1373 2922 dieo

211 2983 262 3026 uos
278 2985 385 3041 servos,
409 2986 472 3027 cnm
487 2975 584 3028 tamen
598 2978 663 3044 post
677 2976 916 3033 resurrectionem
932 2978 961 3032 et
976 2975 1169 3032 ascensionem
1185 2971 1293 3031 Christi
1306 2970 1372 3027 Pau·

212 3072 258 3130 lns
276 3071 311 3130 dc
326 3087 357 3130 se
372 3073 434 3146 ipso
450 3073 569 3132 scribat:
593 3076 700 3133 Paulus
720 3084 837 3136 vocatus
857 3077 1003 3152 apostolus
1019 3082 1047 3136 et
1067 3092 1166 3134 servus
1181 3078 1254 3135 Jesu
1270 3069 1372 3133 Christi.

210 3175 294 3236 Sicut
307 3192 361 3234 nec
375 3191 433 3234 nnn
447 3177 574 3236 loannes
589 3181 619 3235 in
635 3181 801 3254 apocalypsi
814 3183 852 3240 de
867 3199 898 3241 se
913 3185 976 3254 ipso
990 3183 1123 3262 loquens:
1138 3181 1156 3239 J
1159 3197 1268 3240 oannes
1286 3188 1372 3236 servus

210 3282 282 3342 Jesn
303 3280 412 3340 Christi
433 3287 486 3340 etc.
525 3281 609 3341 Adde
628 3283 687 3356 his,
713 3282 789 3355 quod
811 3284 941 3344 Christus
965 3286 1115 3358 apostolis,
1139 3300 1311 3358 quemquam
1332 3293 1373 3337 eos
1423 3337 1425 3343 ,

209 3387 317 3446 amices
330 3388 451 3461 vocarit
473 3392 618 3460 praecepta
639 3387 760 3461 dederit,
783 3395 962 3448 cunctamen
984 3391 1142 3463 praecipere
1161 3405 1220 3446 non
1242 3391 1281 3446 sit
1298 3382 1373 3444 amici

209 3492 263 3551 sed
284 3492 399 3552 domini.
437 3492 496 3552 Sed
517 3492 591 3551 hane
612 3491 697 3565 hujus
719 3494 763 3550 rei
785 3495 954 3553 solutionem
978 3510 1041 3552 esse
1064 3494 1105 3550 ait
1118 3492 1281 3566 Musculns,
1305 3485 1373 3562 quod

210 3593 342 3652 Christus
357 3599 502 3667 apostolos
517 3614 575 3656 non
590 3615 687 3658 servos
704 3598 787 3657 dicat.
819 3599 876 3658 Sed
892 3599 1019 3672 quamvis
1040 3599 1097 3655 sint
1117 3602 1283 3669 peccatores
1297 3599 1324 3652 et
1337 3594 1373 3649 in-

210 3692 285 3752 fimae
307 3700 392 3756 scitis
414 3699 555 3773 homines,
580 3707 676 3762 tamen
695 3719 750 3775 pro
769 3703 883 3776 amieis,
908 3719 966 3760 non
989 3717 1042 3774 pro
1063 3702 1153 3759 servis
1176 3701 1312 3760 dnctnms
1332 3697 1372 3753 sit.

211 3797 344 3869 Exempli
359 3814 460 3872 causa,
485 3803 588 3874 siquis
608 3804 694 3866 herus
714 3807 819 3865 habeat
839 3823 964 3878 servum,
988 3806 1034 3862 cui
1054 3821 1090 3862 ex
1107 3805 1201 3863 animo
1221 3806 1294 3863 hene
1312 3799 1373 3859 velit

209 3917 247 3960 ac
267 3901 349 3960 unice
372 3902 473 3974 diligat
492 3919 525 3961 ac
543 3905 585 3960 illi
604 3907 716 3966 'secreta
735 3927 787 3968 sua
806 3911 977 3982 concredat·
992 3924 1049 3966 non
1070 3914 1206 3980 tanquam
1225 3925 1307 3968 servo
1326 3901 1373 3962 sed

211 4007 358 4081 mamito,
381 4007 449 4066 licet
471 4023 570 4066 servus
592 4009 630 4067 sit
649 4017 704 4072 etc.
740 4015 847 4074 Merito
866 4019 961 4073 autem
981 4013 1081 4071 lesum
1102 4013 1247 4071 dorninum
1267 4010 1371 4075 vocent

208 4112 268 4170 etsi
286 4113 341 4184 ipsi
360 4129 391 4172 se
410 4112 488 4186 ipsos
509 4129 607 4176 servos
628 4114 733 4190 dicam,
757 4118 824 4175 lieet
844 4119 880 4177 ab
901 4117 1001 4176 eodem
1021 4117 1104 4175 antici
1124 4125 1269 4178 cocenim.
1306 4115 1373 4173 llam

208 4217 325 4273 tametsi
340 4216 469 4278 Christus
489 4233 537 4276 eos
559 4217 664 4278 amicos
685 4219 757 4280 dixit
771 4226 801 4280 et
821 4224 928 4293 optimo
940 4223 1005 4294 jure
1025 4237 1088 4278 eain
1104 4222 1271 4294 dignitatem
1285 4213 1372 4290 magui

209 4321 346 4379 momenti
368 4322 472 4382 ducere
495 4320 650 4396 debebunt,
676 4341 733 4386 non
752 4329 848 4384 autem
868 4325 922 4384 hoc
942 4325 996 4386 sihi
1016 4325 1085 4396 ipsis
1101 4327 1238 4386 elatiores
1259 4321 1371 4382 evadere
