3028 4894
766 317 788 381 9

279 500 384 562 Libros
407 515 426 560 a
448 498 563 561 domino
584 500 652 562 vito
675 499 758 562 datos
781 497 906 575 Georgia
928 499 1050 562 Weiden
1071 503 1292 579 compingendos
1312 503 1361 563 de·

190 609 294 670 dimus.

280 712 403 773 Domine
423 712 503 787 Jesu,
528 726 592 771 cum
613 711 734 786 ipsemet
754 711 793 770 sis
812 711 929 787 veritas,
952 713 1125 775 inveritate
1145 729 1258 788 quoque
1272 716 1363 790 patris

192 819 236 878 tui
249 818 356 878 locatus
372 818 421 892 sis,
445 817 587 876 neminem
608 832 644 875 ex
659 815 741 876 nobis
760 817 873 876 miseris
893 817 1063 878 mortalibus
1083 833 1136 878 sua
1155 818 1241 878 anxia
1261 819 1364 878 sollici-

193 923 292 984 tudine
313 923 359 983 vel
381 920 437 981 sibi
459 922 588 981 cubitum
607 921 792 996 longitudinis
814 923 939 996 adjicere
959 938 1052 997 posse,
1076 924 1118 983 ita
1136 923 1236 982 volens
1256 940 1308 983 nos
1327 924 1363 984 de

192 1033 292 1091 nostra
306 1043 380 1088 vana
394 1043 430 1088 ac
448 1027 536 1087 stulte
555 1040 625 1086 eure
646 1031 676 1086 et
693 1026 788 1085 inutssi
806 1028 926 1087 tristitia
944 1027 983 1086 ed
1001 1005 1141 1102 cogitatus
1161 1035 1275 1089 nostros
1289 1029 1320 1088 iu
1334 1036 1364 1089 te

191 1132 361 1207 rejiciendos
382 1133 506 1194 allicere.
547 1131 590 1190 Te
604 1146 738 1204 rogamus
760 1135 843 1205 pater
866 1136 895 1190 et
910 1133 1089 1208 redemptor,
1114 1133 1254 1193 danobis
1276 1133 1362 1209 ferre,

192 1255 256 1312 quae
267 1240 346 1312 juste
361 1239 496 1314 patimur,
512 1234 565 1295 tibi
580 1235 669 1296 fidere
686 1240 715 1294 ct
729 1251 747 1294 a
763 1242 792 1296 te
808 1237 898 1297 omnis
914 1237 957 1295 rei
972 1244 1103 1298 eventum
1120 1247 1295 1315 exspectare,
1315 1242 1364 1314 qu

192 1345 264 1406 vivis
280 1348 310 1403 et
323 1358 428 1418 regnas
444 1349 498 1403 etc.

280 1449 319 1524 xij
342 1449 451 1524 Aprilis
473 1465 509 1508 ex
528 1448 627 1508 norica
646 1447 718 1508 urbe
738 1447 805 1508 dum
826 1447 934 1509 abitum
953 1465 1101 1526 paramus,
1125 1451 1277 1525 singularis
1297 1451 1362 1511 doc-

192 1555 276 1614 trinae
291 1559 321 1614 et
340 1554 501 1629 prudentiae
521 1554 692 1629 pietatisque
714 1569 830 1613 summae
850 1553 894 1612 vir
913 1554 1106 1628 Hieronymus
1120 1555 1364 1630 Beumgartnerus

192 1665 309 1721 senator
328 1664 359 1720 et
377 1661 515 1735 patricius
530 1658 762 1734 norimbergensis
777 1675 830 1720 nos
846 1661 988 1734 convenit,
1012 1661 1061 1733 qui
1080 1661 1155 1720 inter
1173 1665 1277 1722 caetera
1291 1663 1364 1722 haec·

192 1765 255 1825 eine
270 1781 345 1825 nunc
359 1781 422 1825 esse
436 1771 567 1839 tempora
582 1767 632 1840 ait,
656 1772 689 1825 ut
703 1782 787 1825 nemo
803 1766 895 1826 amico
909 1766 956 1825 vel
970 1781 1023 1840 per
1038 1771 1131 1825 mutos
1146 1768 1272 1840 nuncios,
1296 1767 1365 1841 quid

190 1871 270 1930 intus
284 1868 368 1947 ferat,
392 1871 505 1946 aperire
520 1871 620 1945 possit,
636 1876 666 1930 et
680 1885 711 1930 se
727 1872 830 1946 vereri,
847 1871 951 1932 multos
965 1871 1027 1931 haee
1042 1877 1173 1946 tempora
1187 1871 1364 1946 productura

191 1980 343 2050 martyres.

280 2083 308 2141 A
322 2081 505 2157 Norinberga
520 2083 772 2157 Weissenburguui
788 2083 828 2140 im
843 2082 970 2144 Norkaa
985 2085 1041 2142 iter
1055 2084 1237 2158 arripuimus.
1268 2085 1364 2146 Invia

191 2193 237 2249 est
258 2188 394 2262 oppidum
415 2187 589 2248 Schwabach
611 2202 675 2247 cum
695 2191 791 2246 castro
812 2203 830 2246 a
849 2187 998 2262 coquenda
1012 2189 1150 2249 cerevisia
1170 2189 1295 2264 celebre,
1320 2191 1363 2250 di·

192 2295 279 2355 tionis
298 2294 496 2353 marchionum
514 2292 658 2354 Ansbach.
697 2293 769 2352 Item
789 2298 884 2354 castra
903 2292 1077 2385 dasenberg
1097 2296 1222 2369 episcopi
1242 2295 1363 2356 eichsta-

192 2400 282 2460 tensis
305 2405 335 2460 et
355 2399 477 2473 illiugen
500 2399 630 2474 magistri
649 2399 799 2473 teutonici,
824 2399 873 2474 qui
898 2390 1016 2459 n'atione
1037 2398 1136 2458 Catius
1160 2416 1196 2458 ex
1218 2406 1365 2460 stemmate

192 2505 229 2566 de
244 2504 445 2580 Milchlingen,
469 2505 515 2563 cui
528 2520 632 2564 nomeu
651 2504 671 2564 J
672 2519 793 2579 oannes,
817 2503 884 2563 licet
904 2504 987 2562 ninnis
1006 2506 1148 2577 gratiosus
1165 2505 1213 2581 (ne
1229 2503 1298 2579 quid
1313 2503 1363 2564 du·

192 2610 254 2670 rius
268 2608 304 2670 de
318 2611 400 2671 loris
413 2607 474 2670 filio
490 2607 595 2686 dicam)
611 2610 641 2669 iu
656 2610 782 2682 patriam
796 2605 892 2667 luerit.
922 2608 1032 2666 Visitur
1052 2613 1081 2668 et
1100 2624 1153 2667 arx
1171 2608 1319 2682 Heydcok.

283 2718 489 2792 weissenburg
508 2716 576 2777 urbs
597 2721 641 2776 est
655 2713 811 2788 imperialis
832 2713 1045 2787 ellorinberga
1060 2714 1184 2774 miliaria
1198 2718 1307 2788 septem
1321 2714 1363 2774 di-

194 2828 283 2898 stans,
300 2823 366 2883 olim
380 2839 433 2898 per
448 2823 615 2883 exconsules
630 2821 869 2894 norinbergeuses
884 2818 1048 2893 regebatur.
1071 2817 1156 2878 Nunc
1173 2820 1278 2880 vexilla
1290 2821 1376 2906 mili·¹

194 2929 271 2989 turia
284 2933 353 2989 anto
367 2934 467 3005 portas
482 2943 630 3003 suspensa,
647 2927 710 3001 quis
726 2926 811 3000 hujus
825 2923 905 2984 urbis
920 2925 996 2998 potis
1011 2926 1057 3000 sit,
1074 2926 1144 2985 satis
1158 2925 1363 2987 demonstrant.

194 3033 302 3094 Misere
317 3035 392 3094 enim
407 3036 492 3107 cives,
516 3033 583 3094 dum
599 3043 657 3092 uon
673 3031 750 3090 ooius
765 3030 934 3091 inconsultis
949 3030 1064 3091 Noricis
1080 3030 1250 3093 Caesarianis
1265 3037 1364 3108 portas

193 3144 327 3199 reserant
342 3138 422 3216 (licet
434 3139 465 3198 in
480 3141 600 3214 gratim
616 3115 748 3212 recepti)
764 3143 861 3197 tamen
874 3136 930 3196 hoe
944 3137 1123 3197 incommodo
1143 3137 1309 3212 multantur,
1331 3143 1365 3198 ut

193 3242 388 3304 hebdomadas
408 3259 510 3306 novem
533 3242 590 3303 duo
610 3242 690 3302 milia
709 3243 867 3318 iberorum,
891 3257 963 3314 quos
983 3242 1144 3302 militariter
1163 3243 1275 3314 equites
1293 3243 1364 3302 levis

192 3354 347 3410 armatmae
363 3349 469 3424 dicunt,
485 3354 514 3408 et
528 3349 653 3423 hospitio
668 3349 800 3422 excipere
815 3353 844 3407 et
856 3347 935 3407 alere
948 3355 1129 3421 cogerentur,
1139 3363 1260 3420 quorum
1272 3350 1364 3422 major

193 3471 263 3529 pars
277 3454 390 3530 hospite
405 3455 562 3515 insalutato
576 3453 657 3514 abiit.
687 3455 840 3514 Retiueiur
855 3451 949 3512 adhuc
964 3451 1041 3525 apud
1059 3451 1123 3510 illos
1140 3452 1269 3510 doctrina
1283 3453 1364 3512 verbi

192 3575 276 3635 pura,
300 3563 339 3634 at,
364 3559 545 3636 prohdolor,
569 3557 645 3619 fama
659 3558 760 3634 ierim,
785 3558 889 3619 multos
908 3555 1099 3630 pseudoverbi
1118 3555 1264 3614 ministros
1283 3555 1365 3614 dere·

194 3664 269 3732 lictis
284 3663 421 3725 uxombus
436 3665 570 3740 amplecti
585 3669 614 3724 et
628 3665 754 3725 seculum
770 3680 804 3724 ac
819 3663 899 3724 velut
914 3677 979 3721 sues
1000 3677 1030 3719 se
1050 3677 1150 3720 rursus
1172 3660 1272 3722 eedem
1286 3663 1365 3723 volu·

195 3775 259 3830 tare
272 3766 425 3831 volutabro
438 3770 500 3830 luti.

281 3875 337 3936 Hie
353 3891 468 3950 quoque
482 3875 640 3952 principem
655 3878 786 3936 nostrum
806 3871 899 3934 adhuc
918 3872 1114 3949 Heylbmnna
1135 3889 1193 3934 non
1212 3873 1365 3936 admodum

195 3996 335 4056 prospera
348 3979 514 4042 valetudine
529 3981 622 4040 teneri
637 3979 796 4040 didicimus.

284 4084 340 4158 aui
356 4084 435 4146 dedit
449 4086 589 4161 incipere,
613 4087 638 4146 is
654 4101 767 4160 quoque
782 4101 879 4146 rerum
894 4091 1028 4146 eventum
1042 4088 1128 4146 novit.

283 4190 431 4266 Hospitati
445 4197 542 4251 autem
555 4207 651 4250 snmus
667 4190 746 4264 opud
759 4191 878 4251 Petrum
893 4190 1005 4265 sydon,
1029 4196 1201 4264 quaestorem
1222 4193 1364 4252 ararium.

290 4294 431 4368 Quoniam
445 4296 566 4356 vanitati
580 4296 711 4357 humanae
726 4297 875 4372 proprium
890 4300 942 4370 cst,
959 4295 1026 4354 dnm
1040 4295 1124 4372 longe
1139 4313 1157 4355 a
1172 4297 1298 4371 periculo
1314 4297 1365 4356 ab·

195 4404 253 4477 est,
277 4399 373 4463 omnia
392 4399 449 4462 sibi
469 4398 552 4462 facile
572 4401 760 4478 persuadere,
782 4406 818 4464 ut
836 4401 960 4479 primun
979 4405 1075 4464 autem
1094 4402 1171 4464 cruci
1190 4402 1309 4464 vicinior
1323 4401 1365 4476 fit.
