2940 4900
676 336 739 409 itt

103 523 179 584 tiaci
204 521 343 586 domimci
364 521 538 598 praepositus
563 521 709 584 nobiscnm
731 525 867 586 nonnam
887 525 953 586 iniit
975 541 1010 586 ao
1033 526 1100 588 aina
1120 527 1291 601 praelibavit.

103 628 233 689 Deinde
247 627 400 702 hospitium
407 627 553 688 Wilhchni
568 633 741 704 repetentes,
757 636 792 691 ut
805 645 853 690 res
867 635 1025 692 evenerant
1038 629 1290 705 iihreiarabanns‚

103 738 236 794 orantes
251 738 283 793 ut
297 735 360 808 ipsa
375 732 412 812 ab
426 732 642 807 archiepiscopo
657 733 863 809 sciscitaretur,
885 735 1020 809 quidnam
1035 736 1232 797 Atrebatensis
1246 753 1291 798 re·

102 837 295 913 spondiasat,
325 837 403 912 qnod
429 844 512 898 etse
535 835 676 900 moturum
699 841 839 912 promisit.
877 839 964 915 Apud
987 842 1063 901 hunc
1083 841 1159 902 inter
1182 847 1293 902 ceteroa

102 957 240 1017 pransna
261 947 325 1004 arat
344 940 567 1017 christophorus
585 943 717 1018 princeps
738 943 956 1020 aWirtauberg
971 950 1000 1005 et
1014 961 1107 1006 comas
1123 945 1291 1008 Montishel-

102 1047 232 1122 lioarali,
258 1047 363 1108 Petrus
378 1063 397 1108 a
410 1047 541 1122 haurite,
557 1047 678 1108 Joennis
693 1048 835 1108 Friderici
851 1049 982 1110 electoris
998 1049 1205 1124 parschalcis,
1227 1052 1292 1112 Fri·

104 1152 230 1214 doricus
246 1152 284 1214 ab
300 1151 469 1229 onningen,
485 1151 573 1214 Ottho
587 1170 606 1213 a
621 1151 824 1229 Schaumberg,
841 1161 871 1214 et
885 1155 1055 1217 wilhelmus
1069 1172 1087 1216 a
1101 1155 1292 1231 Witgenstain

103 1258 245 1320 comites.

202 1359 319 1424 Eadem
343 1363 399 1422 emi
422 1363 559 1436 jussimus
586 1361 741 1437 pugionem
761 1363 929 1424 dmuratnm
950 1361 1143 1426 bilihaltlicum
1162 1363 1193 1424 in
1212 1381 1293 1425 usum

104 1467 265 1528 wilhelmi
280 1467 392 1552 mininis
407 1467 444 1527 ab
458 1467 645 1542 Hanneberg,
669 1483 752 1542 qoem
768 1483 831 1526 cnm
844 1469 941 1542 magui
962 1469 1019 1526 emi
1038 1473 1218 1543 peteremus,
1241 1486 1294 1543 pro

106 1590 168 1634 uno
183 1572 305 1634 thaloro
322 1573 557 1646 compamaimus.

201 1678 341 1738 Haecine
356 1676 418 1737 dies
433 1676 539 1750 docuit,
556 1691 641 1750 quam
656 1679 809 1751 amansii,
824 1677 1006 1740 itaanatura
1015 1683 1210 1753 comparatum
1221 1695 1292 1754 esse,

107 1787 140 1842 ut
156 1780 376 1856 potentioribus
390 1781 585 1856 blandiamur,
609 1781 722 1843 etiamsi
737 1797 835 1843 eorum
850 1784 960 1844 animos
973 1783 1064 1858 probe
1084 1800 1153 1859 erga
1172 1801 1228 1846 noa.
1244 1803 1293 1846 ex·

111 1888 191 1960 perti
207 1886 310 1962 simne,
325 1903 362 1948 ne
375 1885 412 1948 de
426 1885 514 1948 illatis
528 1887 642 1961 injuriis
657 1885 758 1946 dicam.

202 1991 302 2052 Adest
315 1996 346 2052 et
358 1989 406 2052 hic
419 1991 558 2066 Anguste
571 1991 701 2054 loannes
715 1992 851 2054 Keseeler
866 1993 981 2055 Kaldan
996 1993 1218 2056 Fritzlariensis.

207 2093 334 2156 Domine
357 2096 441 2172 deus,
464 2098 495 2158 in
518 2099 597 2172 capus
617 2112 703 2158 mann
723 2111 821 2158 omncs
841 2097 912 2160 flues
932 2105 1020 2160 terra
1034 2106 1101 2161 sunt
1115 2115 1168 2160 noc
1188 2115 1246 2161 non
1266 2108 1295 2162 et

9 2201 10 2208 ’
110 2200 204 2262 corda
228 2217 331 2276 regum
352 2206 383 2261 et
404 2202 581 2278 principum,
610 2203 660 2276 qni
682 2203 757 2264 nosti
780 2205 866 2264 ffiam
888 2205 944 2264 tuis
965 2221 1001 2264 ex
1021 2205 1142 2264 inimicis
1172 2207 1293 2266 saluom

110 2305 199 2382 dara,
222 2321 263 2366 no
277 2307 354 2366 sinas
368 2307 454 2382 exngi
466 2308 634 2383 pauperiem
649 2322 762 2383 eorum,
785 2309 888 2383 quibus
901 2324 948 2369 me
962 2325 1087 2384 praeesse
1105 2309 1235 2384 volanti,
1258 2328 1293 2372 ne

9 2459 10 2462 ,
112 2413 309 2474 calumnietur
323 2413 400 2474 inter
414 2429 464 2474 eos
479 2428 582 2473 noman
596 2418 677 2473 tunm
692 2417 722 2473 et
735 2413 838 2488 popilii
852 2427 887 2472 ao
901 2411 995 2472 viduae
1009 2414 1137 2488 lugeant,
1153 2419 1294 2478 memento

112 2517 336 2578 miserationum
350 2522 464 2578 tuarum
479 2519 662 2592 antiquarum
677 2523 706 2578 at
719 2516 874 2592 aliquando
889 2531 1041 2577 macereas
1056 2533 1108 2578 nos
1128 2519 1158 2578 in
1181 2516 1294 2580 Christo

113 2619 234 2683 domino
253 2622 378 2698 respice,
402 2624 452 2697 qni
474 2627 569 2684 tecum
589 2627 700 2682 etcum
721 2637 743 2683 a.
765 2621 868 2695 spiritu
887 2621 958 2682 vivit
977 2627 1006 2682 ct
1025 2626 1128 2696 regnet
1146 2625 1177 2682 in
1191 2637 1293 2699 perpe·

114 2730 207 2788 taum.
244 2726 345 2788 Amen
1109 2767 1112 2774 -

209 2831 267 2904 Qui
282 2832 320 2894 ad
334 2832 467 2894 Rhenum
482 2836 691 2894 commorantes
705 2832 761 2891 huo
775 2837 927 2908 acuerunt,
952 2833 1050 2894 uncas
1066 2838 1096 2893 et
1111 2837 1222 2908 segetes
1244 2832 1294 2894 bo

118 2952 188 2998 mm
204 2951 284 3011 spem
297 2933 446 2998 fertilioris
460 2939 529 3000 unni
543 2937 717 3014 portendere
730 2939 838 3000 dicunt,

207 3040 318 3102 Eadem
333 3043 481 3104 nobiscum
495 3044 619 3104 cenam
633 3043 670 3104 Ν.
686 3061 705 3104 a
720 3044 989 3118 Schwartaaustein,
1010 3043 1177 3106 adolescens
1191 3045 1296 3106 nobilis

117 3161 153 3206 ax
174 3145 276 3210 aulicis
296 3146 478 3223 haemmi.
508 3148 565 3208 Hic
583 3149 666 3210 uobis
685 3151 797 3223 retum,
819 3150 898 3225 quod
918 3150 1033 3212 domina
1051 3152 1185 3227 princeps
1205 3167 1295 3227 usque

117 3253 148 3312 in
161 3252 242 3312 huno
262 3251 338 3312 diem
356 3252 548 3329 Hailprunnae
568 3253 646 3328 apud
664 3258 799 3316 maritum
818 3254 920 3330 luerit,
943 3262 973 3316 et
993 3247 1050 3330 qna
1069 3257 1247 3316 humanitate
1267 3260 1297 3314 et

10 3381 11 3412 i
117 3356 231 3416 honore
245 3355 324 3416 iilam
337 3356 415 3418 Ihcri
429 3357 535 3418 milites
550 3359 727 3434 acceperint,
751 3366 964 3438 torneamenta,
986 3367 1019 3420 ut
1032 3366 1148 3433 vocant,
1169 3364 1199 3418 et
1213 3360 1296 3419 ludos

10 3521 12 3550 ‚
119 3463 260 3522 militares
289 3464 468 3524 instituerint
494 3469 529 3524 ac
554 3481 655 3526 aonam
680 3467 802 3525 sericam
824 3465 944 3524 choreas
967 3463 1098 3523 ducendo
1124 3460 1297 3522 inflexerint.

120 3567 193 3628 Item
207 3567 286 3640 quod
299 3567 473 3643 pedissequa
488 3570 626 3644 principia
641 3570 723 3642 virgo
738 3566 775 3627 de
798 3566 997 3627 Breitlenhach
1018 3581 1054 3625 ex
1073 3563 1150 3624 hmo
1170 3567 1297 3640 pulveris

120 3674 302 3734 tormentarii
316 3674 392 3749 petie
407 3679 437 3734 et
452 3676 613 3736 exanimata
627 3678 658 3734 et
679 3676 804 3733 eubnctc
822 3669 909 3730 luerit
929 3676 957 3731 at
980 3671 1058 3744 quod
1077 3667 1178 3731 adhuc*
1189 3673 1220 3732 in
1238 3673 1295 3734 lee-

122 3779 178 3840 tica
193 3778 431 3839 circumvehatur.
463 3780 534 3840 item
550 3779 626 3853 qnod
641 3777 785 3837 Adrianus
800 3791 818 3834 a
833 3776 955 3836 hermen
970 3783 1105 3840 consueto
1125 3794 1177 3840 sno
1197 3779 1297 3840 morbo

10 3941 11 3960 ,
120 3884 253 3960 podagra
266 3882 389 3946 laborat.

210 3986 354 4063 Georgius
385 4006 403 4052 a
425 3988 575 4080 Molsperg
597 3989 705 4050 vannis
728 3987 898 4049 torminibus
920 3987 1063 4050 dirissime
1085 3990 1228 4048 oruciatna
1251 3989 1298 4050 ait.

11 4103 12 4180 i
123 4089 234 4154 Ductor
249 4091 392 4168 Georgius
407 4109 425 4154 a
439 4093 630 4168 Boumelberg
645 4094 723 4154 tibiae
738 4091 961 4155 inflammatione
977 4099 1105 4154 vexetur.
1134 4094 1206 4151 Item
1221 4094 1298 4166 quod

11 4197 12 4200 ’
123 4214 261 4272 equorum
281 4197 459 4260 inconmoda
479 4197 594 4260 domina
609 4200 742 4274 princeps
756 4215 842 4274 passa
856 4200 903 4258 sit.
931 4197 1095 4271 Phihppum
1110 4199 1206 4256 annm
1220 4198 1298 4271 priu-

125 4303 215 4376 oipcm
229 4303 378 4377 Eslingam
393 4297 552 4364 ducendum
567 4305 617 4364 ait.

187 4423 190 4426 ·
213 4407 293 4471 Nota
316 4408 352 4469 de
376 4408 524 4486 Conopcso
545 4411 575 4467 in
598 4407 714 4469 Vuerdc
736 4407 774 4470 ad
796 4405 960 4468 Danubium
982 4405 1124 4482 principe,
1155 4406 1297 4484 vigilibus.
