3028 4894
715 337 760 406 4?

144 525 243 582 tamen
258 537 312 596 spe
325 520 398 584 lucri
414 526 443 582 et
457 535 493 580 ne
507 520 612 580 malam
627 518 751 580 Caesaris
766 521 888 596 gamm
903 521 999 597 iniret,
1018 523 1129 601 scribis,
1145 523 1327 602 pontificibus

144 633 176 688 et
188 627 339 702 pharisaeis
362 643 426 687 cum
448 642 548 688 eorum
570 626 756 703 complicibus
776 642 886 687 morem
908 628 1039 701 gesserit
1079 629 1183 703 Quales
1203 637 1234 692 et
1251 648 1328 692 nunc

144 750 204 794 non
218 735 304 809 pauci
319 739 349 793 et
362 737 462 792 nostra
475 737 562 793 atate
576 733 774 808 inveniantur,
800 733 850 806 qui
864 748 968 793 aversa
989 750 1007 794 a
1026 733 1081 795 deo
1102 734 1175 795 lacis
1196 741 1227 796 et
1240 737 1327 797 corde

144 837 285 899 reboante
300 838 387 898 etiam
406 839 534 912 ipsorum
556 838 730 898 comcientia
750 838 878 911 praelatis
893 844 924 898 et
939 840 1164 916 potentioribus,
1184 841 1327 902 inhiantes

143 944 248 1004 lucello
264 948 294 1003 et
308 945 408 1018 opimis
423 941 583 1004 redditibus
598 958 707 1017 eorum
723 941 878 1003 colludunt.
912 943 984 1004 Item
1000 945 1079 1018 quod
1093 946 1205 1006 Pilatus
1221 946 1324 1007 Phari·

143 1065 269 1109 saeorum
283 1049 423 1124 petitione
437 1065 496 1110 non
512 1049 602 1123 gratis
622 1050 792 1123 assenserit,
817 1049 891 1109 sicut
905 1065 959 1108 nec
974 1049 1073 1124 vigiles
1089 1051 1128 1110 ad
1143 1049 1326 1127 sepulchrum

143 1154 252 1228 absque
267 1154 391 1230 pecunia
404 1154 564 1216 custodiam
579 1160 709 1228 egerunt.
749 1153 840 1226 Quam
859 1155 897 1214 oh
917 1169 979 1213 rem
998 1159 1028 1214 et
1046 1155 1114 1215 olim
1130 1153 1279 1218 Germanis
1293 1159 1325 1216 in

142 1259 330 1334 proverbium
344 1260 459 1321 abierit:
474 1258 626 1320 Niementz
642 1258 735 1319 wamh
749 1255 800 1318 des
816 1256 1043 1333 heiligenGrahs
1058 1258 1237 1320 umbsonnst.
1261 1262 1324 1335 Quo

143 1363 339 1440 perspicacius
355 1363 471 1424 Christo
490 1364 663 1423 intentatum
677 1363 889 1422 Pharisaeorum
908 1361 1087 1422 mendacium
1107 1371 1322 1440 agnosceretur,

142 1463 226 1543 dixit,
242 1467 396 1544 discipulos
406 1485 463 1530 non
473 1469 602 1544 potuisse
617 1468 733 1540 quidem
748 1484 851 1542 corpus
870 1467 977 1528 domini
993 1468 1029 1529 ub
1040 1467 1206 1529 advolutum
1221 1486 1323 1530 saxum

142 1575 296 1650 sepulchro
317 1573 394 1634 harto
421 1572 545 1636 aniame.
583 1575 656 1633 Tum
682 1573 773 1648 quod,
800 1573 911 1632 etiamsi
934 1573 1091 1633 voluissent
1115 1572 1188 1632 illud
1210 1573 1322 1648 tollere,

141 1685 241 1740 oman
256 1697 313 1753 quo
328 1687 504 1756 reponerent
517 1695 567 1740 eos
581 1695 640 1739 non
654 1678 799 1738 habuisse.
837 1679 950 1753 Tertio,
974 1677 1127 1754 discipulos
1147 1677 1220 1740 adeo
1235 1676 1324 1740 fuisse

141 1787 335 1861 meticulosos,
351 1791 385 1845 ut
394 1784 508 1846 domino
523 1787 610 1846 etiam
621 1785 778 1860 presentie
789 1799 842 1843 sua
854 1788 885 1844 et
894 1785 991 1844 multis
1004 1784 1149 1844 miraculis
1164 1784 1250 1845 editis
1264 1784 1321 1844 illis

140 1892 381 1952 resurrectionem
396 1906 477 1950 suam
491 1889 634 1950 inculcare
648 1907 722 1965 pene
736 1889 820 1950 labor
838 1888 943 1964 fuerit,
963 1895 997 1950 ut
1011 1891 1102 1964 liquet
1117 1906 1154 1950 ex
1167 1889 1320 1951 increduli·

139 2000 204 2057 tate
214 1995 331 2056 Thomae
342 2002 396 2058 etc.
420 1995 516 2057 Pauca
531 1995 636 2070 adjecit
650 1995 686 2055 de
702 1994 798 2055 fructu
812 1995 1033 2055 resurrectionis
1042 1994 1151 2056 Christi
1166 2000 1196 2056 et
1209 2000 1321 2057 tantum

140 2099 319 2175 triumphum
332 2098 412 2160 fideli
428 2106 458 2161 et
472 2101 591 2162 memori
605 2100 691 2161 corde
706 2100 811 2175 saepius
826 2101 954 2162 recolere
966 2101 1060 2174 jnssit.

232 2207 313 2267 Inter
328 2207 540 2269 obsecrationes
559 2207 613 2266 hoc
633 2206 702 2264 mihi
722 2206 824 2265 nrirum
838 2207 868 2265 in
881 2204 997 2266 modum
1019 2205 1132 2281 arrisit,
1157 2205 1235 2279 quod
1258 2207 1320 2280 qui·

142 2311 226 2386 daur,
246 2312 326 2386 cnjm
341 2327 444 2372 nomen
461 2310 575 2372 domino
591 2315 688 2370 notum
704 2315 760 2386 est,
777 2311 862 2370 sicin
878 2310 1014 2370 schedula
1029 2311 1169 2371 conscribi
1181 2312 1318 2386 jnssarat,

141 2416 220 2476 iuter
235 2417 385 2477 nonnullos
400 2417 571 2477 simultatem
590 2417 741 2476 maximam
762 2413 895 2476 obortam
915 2429 991 2488 esse,
1016 2431 1102 2474 unam
1122 2431 1192 2489 ergo
1207 2419 1319 2489 partem

141 2521 273 2581 ecclesiae
292 2537 394 2596 preces
412 2522 466 2582 sibi
488 2521 615 2583 subsidio
636 2537 699 2580 esse
719 2524 837 2595 petere,
860 2535 916 2592 quo
937 2516 1066 2578 dominus
1087 2521 1167 2594 pacis
1188 2520 1319 2594 utrisque

141 2628 361 2688 ammudentiam
383 2633 413 2687 et
432 2628 530 2690 odium
548 2629 698 2688 exanimo
719 2625 833 2699 eripere
853 2623 1037 2699 dignaretur,
1061 2629 1095 2684 ut
1108 2625 1192 2698 juxta
1213 2622 1318 2684 Christi

139 2736 336 2807 praeceptum,
360 2732 434 2791 sicut
448 2733 618 2792 christianos
632 2732 764 2792 homines
780 2729 878 2804 decet,
902 2728 1083 2788 concordiam
1103 2729 1177 2788 inire
1197 2733 1227 2788 et
1241 2733 1319 2804 posu

140 2838 253 2897 liminio
268 2838 391 2896 invicem
405 2837 434 2896 in
449 2839 571 2912 gratiam
586 2837 682 2897 redire
697 2839 824 2911 possent.
897 2845 900 2852 ’

232 2941 342 3002 Eadem
352 2942 478 3002 Joanues
489 2943 593 3017 Heghe
608 2942 780 3002 secretarius
794 2940 929 3001 comitum
945 2938 981 2998 de
991 2939 1067 3000 Hoia
1081 2938 1219 3014 collegam
1234 2954 1318 2998 suum

140 3045 182 3108 ad
200 3064 253 3108 nos
273 3046 365 3122 misit,
389 3047 439 3120 qui
461 3047 543 3106 nohis
567 3045 690 3121 diceret,
713 3044 823 3119 siquid
842 3043 954 3104 domum
970 3043 1261 3120 scriherevellemue,
1286 3044 1317 3104 id

40 3166 43 3172 ·
140 3153 223 3212 ocius
237 3151 302 3212 fieri
315 3157 471 3228 oporteret.
510 3151 563 3211 Cui
583 3151 622 3210 ad
637 3150 780 3210 dominam
798 3165 910 3210 socrum
925 3155 955 3210 ct
968 3165 1088 3213 uxorem
1107 3150 1207 3212 literas
1221 3148 1316 3228 perlo-

140 3257 250 3318 rendas
266 3257 408 3332 dedimus,
424 3257 581 3318 honoratus
596 3261 641 3316 est
655 3273 675 3314 a
687 3256 769 3315 nobis
784 3255 895 3316 dnobus
909 3257 1014 3316 aureis.
1084 3283 1089 3296 ,

231 3362 341 3423 Eadem
355 3378 409 3438 pro
424 3377 562 3436 responso
578 3361 769 3422 sollicitatum.
799 3361 937 3420 Astantm
951 3365 1048 3419 autem
1061 3360 1092 3419 in
1106 3359 1215 3434 palatio
1229 3357 1315 3418 Atre·

140 3468 279 3542 batensis,
293 3467 343 3526 ubi
358 3467 506 3540 Italorum,
522 3467 716 3541 hispanorum
731 3469 761 3525 et
770 3464 978 3524 Germanorum
993 3462 1099 3522 diversi
1114 3463 1315 3520 sollicitatores

141 3573 279 3649 aderant,
296 3575 372 3632 inter
387 3589 458 3646 quos
474 3573 560 3632 etiam
574 3571 757 3644 Bremcnses,
781 3569 884 3642 quibus
899 3581 997 3627 omnes
1011 3567 1089 3626 mala
1103 3564 1313 3639 ominabautur,

140 3678 319 3752 potissimum
334 3677 412 3753 quod
426 3679 558 3738 comitem
566 3676 717 3735 Albertum
731 3671 915 3733 aMansieldt
928 3672 959 3730 in
973 3686 1026 3732 sua
1039 3671 1111 3732 urbe
1126 3669 1251 3746 hospitio
1266 3685 1315 3730 ex·

141 3784 284 3860 ceperint,
309 3783 412 3858 quibus
434 3781 647 3858 egredientibus
669 3795 705 3840 ex
719 3779 848 3840 coucmvi
867 3776 994 3854 episcopi
1012 3775 1101 3838 iacies
1122 3791 1221 3837 eorum
1235 3774 1315 3836 testi·

140 3888 238 3949 monia
255 3887 379 3964 dabant,
403 3905 488 3962 quem
507 3887 597 3947 amice
619 3885 656 3962 (si
678 3884 733 3945 diis
752 3881 857 3959 placet)
881 3881 920 3942 ab
939 3883 1003 3957 ipso
1017 3880 1126 3944 fuemnt
1139 3883 1266 3959 excepti,
1290 3882 1314 3940 si

139 3994 226 4054 modo
239 3993 334 4054 Plinio
349 3995 504 4068 credimus,
520 3991 643 4052 hortem
658 3996 688 4050 et
701 3989 808 4048 latitia
824 3994 853 4049 et
865 3988 990 4050 tristitiae
1005 3988 1140 4050 indicium
1154 4003 1226 4049 csse.
1254 3984 1314 4045 hd·

140 4102 225 4158 erant
239 4114 355 4173 quoque
368 4098 474 4158 ibidem
488 4095 680 4157 marschalcus
695 4093 731 4154 dc
747 4094 921 4168 Schombcrg
936 4099 966 4154 et
976 4093 1148 4153 Franciscua
1163 4087 1314 4150 Comedus

139 4202 178 4262 de
192 4203 354 4278 Sickingen.
393 4203 521 4263 Tandem
542 4207 608 4276 post
629 4201 770 4261 diutinam
792 4215 903 4259 moram
921 4197 1119 4260 aureatensis
1142 4194 1180 4256 ad
1200 4199 1314 4271 petrem

139 4304 333 4367 Graudnelam
348 4306 429 4382 adiit,
444 4306 516 4367 adeo
531 4311 627 4366 autem
642 4305 770 4379 undique
784 4304 821 4364 ab
836 4303 890 4378 his,
905 4305 954 4376 qui
968 4319 1069 4364 musas
1084 4317 1151 4362 suaa
1165 4305 1312 4375 promotas

139 4410 284 4488 volebant,
300 4412 423 4488 superus
437 4417 513 4488 erat,
534 4418 567 4472 ut
580 4410 712 4472 Eubulus
726 4409 851 4470 frontem
864 4405 1022 4484 perfricare
1036 4409 1189 4482 cogeretur
1204 4420 1239 4468 ao
1252 4404 1314 4480 gai·
