3028 4894
662 312 845 412 ,ss

89 589 91 594 Ι
184 517 290 579 coenati
305 532 401 577 snmus
416 520 445 577 et
463 517 702 590 pernoctavimus.
734 515 789 576 Est
809 516 886 575 enim
900 515 1050 590 Meiningc
1065 515 1180 577 ditionis
1194 515 1354 578 henneber-

183 624 286 697 giacae,
310 623 378 683 olim
393 628 422 682 et
437 619 601 682 dioeceseos
617 627 646 681 et
661 616 777 683 dominii
791 620 1010 697 herbipolensis.
1240 677 1250 686 ,

272 727 320 802 viij
337 727 459 802 Aprilis,
484 743 547 800 quae
570 729 633 786 erat
654 727 796 788 dominica
817 725 1094 801 Quasimodogeniti,
1118 725 1268 787 Masfeldee
1290 742 1356 786 con-

184 835 294 894 cionem
314 849 425 892 sacram
444 833 575 907 magistri
594 832 720 907 Philippi
740 831 914 892 ecclesiasta
934 832 1019 890 aulici
1039 833 1214 907 audivimus,
1240 833 1290 907 qui
1309 834 1356 908 pie

94 972 98 987 ·
183 939 293 1014 pariter
307 955 341 998 ac
356 933 440 997 docte
455 954 491 996 ex
505 938 598 1012 capite
612 937 712 997 ultimo
728 937 849 996 Joannis
866 935 901 994 de
916 935 1106 996 sollicitudine
1123 935 1228 996 Christi
1249 936 1356 997 domini

184 1048 213 1101 et
231 1043 382 1102 salvatoris
401 1042 492 1101 nostri
507 1057 560 1116 pro
576 1043 635 1101 suis
650 1042 691 1100 illi
706 1039 869 1116 fidentibus,
894 1041 930 1100 de
949 1041 1131 1116 ablegatione
1151 1043 1355 1116 apostolorum,

184 1147 220 1206 de
235 1152 378 1222 potestate
399 1146 576 1205 remissionis
598 1151 793 1220 peccatorum,
816 1147 886 1206 item
906 1147 938 1205 in
960 1163 1044 1220 quem
1065 1165 1148 1206 usum
1169 1147 1290 1208 historia
1311 1164 1356 1207 re-

183 1252 368 1312 surrectionis
389 1252 539 1311 dominicae
558 1255 641 1311 teuta
662 1251 809 1324 diligentia
828 1250 866 1310 ab
886 1252 1145 1327 evangeliographo
1164 1253 1276 1313 Joanne
1290 1267 1356 1311 con-

184 1358 359 1433 scriptasit.
398 1356 539 1415 Nimirum
562 1372 619 1431 quo
642 1357 720 1417 omni
745 1355 942 1415 incredulitati
968 1359 1171 1418 renunciantes
1197 1356 1357 1432 perfidem

185 1463 292 1524 Christi
305 1467 427 1523 mortem
442 1451 688 1537 apprehendentes
705 1463 795 1537 ipsius
810 1462 919 1522 domini
934 1463 1021 1537 nasci,
1045 1465 1152 1539 vivere,
1175 1464 1249 1523 mori
1268 1468 1298 1522 et
1312 1479 1357 1522 re-

184 1569 354 1643 surrexisse,
376 1566 507 1628 n'ostrum
523 1584 585 1627 esse
601 1571 678 1627 certo
694 1567 798 1625 certius
814 1566 971 1643 credamus,
996 1574 1029 1628 ut
1047 1571 1135 1628 vitam
1151 1584 1358 1643 consequamur

183 1674 214 1732 in
230 1673 344 1733 Christo
358 1674 431 1734 Jesu
445 1678 596 1748 eternam,
621 1672 726 1732 docuit.
757 1671 838 1731 Fiat!
868 1673 969 1730 Amen.

159 1815 174 1844 .
274 1777 429 1836 consilium
444 1776 623 1837 dominorum
637 1793 655 1835 a
670 1775 847 1850 Henneberg
862 1775 1009 1835 Wilhelmi
1024 1775 1114 1848 patris
1129 1782 1159 1836 et
1173 1775 1290 1851 Georgii
1302 1777 1367 1857 Ery·

185 1883 260 1944 nesti
272 1881 334 1958 filii,
358 1883 450 1955 primo
464 1883 521 1940 illis
543 1898 579 1941 ex
598 1897 631 1940 re
651 1885 681 1940 et
700 1881 946 1956 pernecessarium
964 1879 1065 1954 videri,
1089 1885 1121 1940 ut
1136 1897 1303 1957 pareremus
1318 1883 1357 1940 ci-

184 1989 286 2049 tationi
301 1994 331 2048 et
344 1986 481 2046 mandato
497 1985 639 2060 Casoreo,
663 2001 721 2045 non
735 2002 822 2044 unum
836 1985 873 2044 ob
889 2002 1013 2046 causam.
1044 1986 1117 2045 Item
1136 1987 1193 2046 illis
1214 1985 1357 2047 viderier

184 2096 229 2169 iis,
252 2111 317 2169 quae
330 2093 388 2152 illis
403 2089 632 2165 ostendissemus,
656 2105 707 2150 nos
721 2088 805 2150 facile
820 2107 838 2150 c
853 2089 935 2151 uobis
951 2091 1120 2166 depulsuros
1136 2091 1256 2164 objecta.

274 2197 383 2259 Contra
402 2197 565 2257 illusionem
590 2196 788 2271 episcoporum
814 2213 833 2255 a
854 2197 1014 2256 trevirense
1034 2202 1063 2256 et
1084 2197 1244 2257 coloniense
1265 2213 1356 2257 reme-

186 2304 263 2364 dium
284 2301 356 2376 iore,
378 2307 411 2361 ut
431 2317 518 2362 causa
538 2301 576 2360 ad
596 2305 687 2361 status
702 2301 815 2376 imperii
830 2302 1021 2362 examinanda
1036 2307 1065 2362 et
1074 2301 1231 2376 judicanda
1245 2300 1354 2362 relere-

185 2415 242 2470 tur.
274 2409 321 2469 Sic
335 2409 411 2467 enim
427 2421 476 2466 eos
490 2423 551 2480 prae
566 2407 678 2482 pudore
692 2423 750 2466 non
772 2407 889 2482 cudere,
914 2424 978 2482 quae
997 2406 1074 2467 forte
1093 2408 1202 2468 occulte
1223 2409 1355 2468 sedentes

183 2515 215 2576 in
229 2513 340 2573 insidiis
355 2511 532 2573 molirentur.
562 2512 635 2572 ltem
650 2528 708 2571 non
723 2517 830 2587 praeter
849 2529 912 2572 rem
927 2511 1003 2587 iore,
1023 2514 1047 2572 si
1067 2513 1103 2573 de
1122 2514 1258 2574 mandato
1273 2515 1355 2575 nobis

184 2637 243 2681 uon
256 2619 400 2679 insinuato
417 2617 515 2678 Caesar
529 2618 635 2678 certior
649 2617 820 2679 redderetur
834 2619 871 2679 de
885 2619 1055 2680 alteratione
1069 2617 1156 2694 feudi,
1168 2621 1235 2694 quia
1250 2621 1354 2695 omnis,

184 2743 248 2801 quae
271 2725 495 2800 possideremus,
520 2723 667 2784 Cattomm
687 2725 823 2799 principis
843 2723 959 2786 feudum
979 2725 1051 2798 sint,
1075 2741 1243 2800 rogaremus
1263 2725 1356 2786 Caesa-

75 2833 76 2836 ’
183 2847 254 2906 rem,
278 2835 311 2890 ut
326 2836 434 2890 nostrae
450 2828 620 2890 conditionis
635 2833 664 2888 et
677 2827 796 2890 honoris
811 2832 953 2890 rationem
967 2831 1074 2891 habere
1096 2831 1273 2906 dignaretur.
1305 2832 1356 2892 Sin

182 2951 252 2997 vero
268 2934 367 2995 Caesar
381 2936 474 2996 acrius
489 2936 620 3008 instaret,
630 2935 750 3008 ipsemet
763 2935 854 2994 illaeso
870 2940 968 2995 nostro
985 2937 1189 3009 etjmamento
1203 2936 1356 2997 ethonore

184 3057 248 3101 cum
263 3039 411 3100 Castorum
425 3041 554 3115 principe
568 3037 632 3098 haec
651 3041 834 3113 transigeret,
857 3039 897 3098 Et
917 3040 958 3098 sie
976 3055 1029 3099 nos
1049 3041 1192 3100 neminem
1210 3041 1355 3102 lubentius

184 3163 218 3207 ao
231 3147 326 3221 ipsum
340 3147 543 3221 imperatorem
557 3162 610 3220 pro
631 3145 746 3205 domino
767 3143 846 3203 feudi
867 3145 1024 3218 agnituros.
1055 3144 1250 3219 Posteaquam
1268 3148 1356 3222 igitur

183 3249 335 3313 Masfeldae
347 3254 468 3326 opipare
483 3252 552 3311 satis
567 3266 704 3325 pransum
720 3254 772 3324 est,
793 3249 884 3308 literis
899 3249 1107 3310 intercessoiiis
1122 3257 1237 3325 epatre
1251 3251 1354 3312 etlilio

183 3358 222 3418 ad
243 3357 422 3417 Joachimum
443 3355 635 3416 marchionem
652 3341 962 3430 'brandenburgensem
981 3355 1133 3416 electorem
1154 3363 1208 3416 etc.
1230 3363 1260 3418 ot
1280 3357 1354 3418 Wil-

183 3465 308 3524 helmum
323 3463 454 3524 comitem
469 3479 487 3522 a
500 3462 621 3522 Nassaw
636 3463 770 3538 acceptis,
794 3467 860 3537 post
875 3461 1015 3521 secundas
1035 3462 1122 3520 etiam
1136 3478 1250 3523 mensas
1264 3464 1355 3525 multo

183 3571 258 3645 lyaeo
271 3569 416 3646 perfusas,
440 3568 549 3628 dimissi
563 3567 768 3644 Konigshoven
785 3566 990 3627 contendimus.

272 3675 476 3750 Konigshoven
495 3670 703 3753 herbipolensis
724 3675 851 3749 episcopi
872 3673 941 3732 urbs
953 3651 1006 3733 ‘est
1023 3676 1054 3732 et
1072 3679 1206 3734 metrum.
1244 3672 1356 3736 Ibidem

184 3797 202 3842 a
216 3785 319 3842 senatu
332 3782 400 3842 vino
413 3781 547 3840 honorati
564 3797 670 3840 snmus.
686 3859 687 3862 Ἴ

272 3887 302 3946 ix
316 3885 424 3961 Aprilis
438 3886 469 3944 in
482 3883 601 3945 Bunaeh
616 3901 704 3959 super
717 3884 888 3943 Bunichium
902 3881 1021 3944 fluvium
1035 3886 1225 3958 pervenimus.

271 4008 291 4050 x
305 3981 412 4065 Aprilis
426 3991 551 4050 Bunaoae
564 3990 738 4064 jentaculum
753 3991 923 4065 sumpsimus
939 4007 973 4050 ac
986 3989 1221 4066 christophorum
1233 4011 1251 4053 a
1262 3992 1354 4052 Deru·

183 4095 267 4171 bach,
291 4095 438 4172 quinobis
453 4096 511 4156 dux
525 4095 580 4156 viee
595 4112 613 4155 c
629 4094 749 4155 dominis
764 4111 782 4153 a
796 4093 971 4170 Henneberg
986 4094 1070 4157 datus
1090 4102 1161 4171 orat,
1186 4113 1249 4156 cum
1263 4098 1354 4157 literis

164 4205 215 4260 -et
235 4200 391 4260 honorario
418 4200 583 4260 dimisimus.
626 4201 685 4275 Ipsi
707 4215 760 4259 nos
782 4199 982 4260 Forohemium
1004 4203 1061 4260 iter
1086 4201 1257 4274 arripientes
1278 4204 1355 4264 inter

185 4306 350 4368 Bunaoham
366 4311 396 4366 et
408 4306 599 4383 Bambergam
613 4307 744 4367 Moenum
758 4307 914 4366 transvecti
928 4320 1034 4365 sumus.

275 4412 386 4474 Eodem
407 4412 608 4475 Forohemium
627 4413 741 4474 circiter
760 4411 912 4475 secundam
932 4409 1158 4488 pomeridiunam
1179 4410 1352 4489 devenimus,
