3028 4894
755 291 800 357 42

191 476 368 554 lentueulum
383 475 565 552 sumpsimus,
596 489 660 534 cum
687 472 781 533 missus
801 487 933 534 reserere
954 472 1094 534 intmesse
1112 473 1202 534 uellet
1221 479 1252 534 et
1273 473 1367 533 erchi-

194 583 360 659 episcopum
375 581 574 644 coloniensem
587 577 710 655 prendio
725 583 897 652 excepturus
913 582 997 653 esset,
1020 594 1085 638 eum
1100 595 1157 653 quo
1172 583 1202 640 et
1216 578 1253 640 de
1266 584 1368 640 ucsuu

193 701 280 750 eoum
295 691 411 750 sciurus
427 691 499 750 eret.

281 791 446 868 riprendio
468 788 574 852 iretres
597 795 627 850 et
650 805 704 872 ego
724 803 783 850 une
808 787 887 848 urbis
906 789 1014 848 moenie
1033 788 1276 864 obequiterimus,
1300 808 1367 850 unm

195 896 312 960 Samuel
326 895 405 972 upud
420 896 553 958 eomitem
567 892 752 955 wilhelmum
766 909 889 968 prensus
903 897 956 952 est.

280 1001 392 1063 liudem
406 999 544 1062 tumultus
559 998 690 1059 militeris
705 997 743 1058 ed
758 997 878 1058 meeellu
894 1004 1011 1058 exortus
1026 1004 1079 1060 est.
1117 999 1194 1059 Nem
1207 999 1276 1058 dum
1289 1000 1370 1060 Iberi

194 1105 343 1168 Germenis
353 1119 455 1166 cerum
462 1105 618 1180 preripere
627 1105 749 1178 tenum,
759 1103 887 1164 laniones
895 1103 1046 1163 Germanis
1054 1104 1161 1164 eumlio
1168 1103 1250 1164 fiunt
1265 1105 1369 1166 Utrin-

193 1227 249 1290 que
269 1215 300 1274 et
319 1215 438 1286 occepta
458 1215 489 1270 et
509 1208 578 1269 dete
598 1211 665 1268 sunt
680 1207 815 1283 omisere,
831 1207 967 1268 Germani
987 1214 1083 1269 temen
1101 1207 1172 1268 iacti
1192 1211 1369 1284 superiores.

193 1317 270 1380 Iberi
284 1317 396 1394 uliquot
411 1315 450 1376 ed
459 1317 678 1387 mortemusque
687 1313 806 1374 sencieti
820 1329 883 1373 esse
899 1313 1041 1372 dicuntur.

280 1419 392 1484 Eodem
406 1433 459 1496 per
473 1417 624 1480 Nicolaum
642 1415 754 1478 Gellum
769 1416 992 1478 Mouusteriensi
1011 1417 1164 1492 epedibus
1185 1418 1224 1478 cd
1244 1409 1371 1480 eundem

192 1527 346 1606 presulem
359 1525 586 1602 perscripsimus.

279 1631 403 1694 Volebet
427 1635 456 1692 et
477 1629 611 1690 Hcieusis
633 1627 804 1689 secreturius
828 1627 928 1688 eedem
942 1627 1074 1702 Auguste
1088 1627 1245 1703 discedere,
1261 1627 1314 1688 sed
1330 1629 1372 1690 ob

195 1735 389 1798 morositutem
405 1733 608 1795 examinatoris
623 1732 739 1792 testium
753 1737 914 1793 remoratus
929 1739 982 1792 est.

281 1837 529 1912 liquoreum
552 1836 677 1911 hospitio
701 1837 813 1898 comitis
833 1836 978 1900 Wilhelmi
1001 1835 1153 1914 adfuimus,
1175 1838 1225 1900 ubi
1243 1838 1311 1900 dum
1336 1840 1374 1898 in

193 1943 277 2008 horto
299 1958 397 2005 mense
419 1942 557 2002 sternitur
577 1946 685 2015 preter
705 1941 931 2016 expectationem
951 1943 1062 2002 comitis
1084 1959 1189 2002 venere
1211 1959 1305 2004 comes
1328 1945 1373 2006 eb

192 2049 348 2114 Ebsrstelu
362 2045 454 2108 freter
476 2041 578 2107 Luscus
594 2050 624 2108 et
641 2044 717 2106 filius
733 2047 795 2121 ejus
815 2061 908 2107 eomes
924 2063 942 2107 u
956 2047 1114 2108 wertheim
1134 2049 1233 2110 unicus
1247 2047 1321 2110 iilius
1338 2055 1374 2110 et

194 2153 350 2216 evuuoulus
375 2156 484 2215 noster.
522 2151 593 2212 Item
611 2151 710 2224 junior
734 2150 770 2211 de
785 2151 974 2227 Pepenheim,
995 2151 1165 2212 Franciseus
1181 2151 1330 2214 Comedus
1347 2172 1370 2214 a

196 2257 365 2334 Slolrlnpen,
389 2255 530 2333 Georgius
546 2255 636 2332 Spedt
650 2260 680 2316 et
694 2256 768 2316 ulter
784 2255 885 2331 Spedt,
906 2257 975 2318 item
996 2257 1126 2318 dominus
1146 2259 1182 2320 de
1201 2259 1366 2334 zullingon,

192 2361 327 2426 lusimus
343 2366 373 2426 st
386 2361 495 2424 culleus
511 2361 700 2436 imperetcris,
718 2360 838 2421 Carolus
853 2377 871 2420 e
887 2360 1037 2436 Stoehem,
1058 2362 1212 2438 preelectus
1225 2364 1256 2424 iu
1270 2363 1366 2424 Weil-

192 2467 276 2545 burg,
293 2473 323 2529 et
336 2467 419 2529 Vltus
433 2465 605 2540 Velbruppe,
622 2470 753 2540 sotrepes
769 2465 799 2525 in
814 2456 960 2526 Vienden,

281 2571 352 2632 Risu
367 2568 496 2648 dignum,
522 2567 598 2645 quod
619 2570 685 2631 dnm
706 2569 803 2630 Oaesur
821 2585 875 2645 per
889 2571 1021 2631 Rhenum
1040 2572 1154 2646 navigio
1169 2577 1266 2632 vectus
1280 2572 1364 2632 Nen-

192 2653 316 2740 stedlum
330 2675 506 2752 preterlepit
520 2679 551 2736 et
565 2673 714 2737 Comedus
735 2675 906 2735 Franciscus
926 2692 944 2737 e
959 2675 1114 2750 siukinpen
1133 2677 1226 2750 ipsum
1239 2675 1365 2750 prandio

193 2782 325 2858 excipere
340 2781 435 2856 vehet,
451 2786 480 2840 et
494 2781 650 2841 metuimus
669 2779 756 2842 hores
776 2796 837 2839 oum
853 2780 952 2840 uuliois
971 2782 1090 2856 aliquot,
1111 2783 1161 2854 qui
1182 2787 1249 2843 ente
1264 2781 1363 2842 deese-

192 2899 253 2946 rem
275 2900 310 2946 eo
329 2884 555 2958 ednuvlgerunt,
586 2881 735 2944 liberalius
759 2889 888 2957 potasset
908 2901 942 2944 ee
963 2886 1056 2946 subito
1080 2885 1204 2948 cesseris
1219 2887 1362 2948 adventus

192 2987 235 3050 illi
249 2988 441 3061 necteretur,
457 3001 509 3046 uec
524 3002 582 3046 non
597 2985 739 3048 Gesserem
753 2990 1029 3052 recteNeustedium
1043 2993 1362 3067 prseternuviguturum.

192 3090 256 3152 Hoc
275 3091 379 3152 nuncio
395 3088 565 3150 chenredus
580 3089 750 3150 Frsudscus
765 3098 882 3168 eccepto
903 3092 1025 3156 iesdnus
1047 3096 1085 3157 ed
1103 3098 1217 3172 nerim
1239 3096 1363 3158 deseris

192 3201 338 3272 properet,
360 3209 446 3269 quem
465 3193 622 3254 humillime
646 3200 742 3269 potest
756 3195 917 3260 Caesereem
932 3203 1110 3275 maiestatem
1125 3217 1162 3262 ne
1177 3201 1254 3276 opud
1266 3201 1363 3274 ipsum

191 3299 335 3379 prendere
350 3304 564 3375 aspernaretur,
582 3299 750 3375 deprecatus
765 3307 818 3364 est.
856 3304 896 3364 At
912 3304 1018 3381 Oceser,
1040 3307 1221 3382 gravioribus
1241 3321 1362 3381 occupe-

191 3409 247 3482 tus,
262 3404 292 3466 id
307 3419 338 3466 ss
352 3403 436 3466 modo
450 3403 546 3466 iecere
561 3420 645 3479 posse
660 3407 761 3468 abnuit
775 3424 809 3468 ee
823 3407 1008 3472 humanitatis
1023 3427 1092 3485 ergo
1101 3413 1256 3472 Francisco
1263 3411 1359 3472 Chun-

191 3509 263 3574 reio
278 3510 426 3574 dextereuu
450 3507 582 3587 prebuit.
622 3511 774 3588 Siekingen
788 3514 878 3588 igitur
892 3515 959 3575 vino
974 3532 1101 3576 emerem
1112 3519 1236 3592 iungens
1252 3516 1360 3578 cesari

191 3630 307 3676 menum
327 3615 426 3676 durius
445 3617 558 3690 promit.
606 3617 719 3680 (lesere
741 3620 856 3680 volente
880 3619 1026 3681 dexterum
1051 3623 1201 3684 retrahere
1225 3639 1260 3682 ec
1279 3623 1360 3686 ebho

191 3721 307 3781 concuti
329 3718 480 3794 Siekingen
501 3719 603 3782 fortium
622 3726 741 3798 premit,
765 3741 883 3798 speruus
903 3742 934 3786 se
958 3742 1043 3800 posse
1063 3726 1196 3800 precibus
1216 3726 1360 3788 Gesserem

190 3826 325 3886 retinere.
363 3823 403 3884 Et
425 3838 488 3884 cum
509 3824 551 3884 sio
564 3826 740 3900 eliquemdiu
759 3829 835 3890 inter
857 3830 910 3890 hos
930 3837 1089 3910 pugnatum
1104 3838 1180 3892 esset
1194 3848 1228 3892 ee
1242 3831 1360 3892 tundem

190 3927 288 3990 Oeeser
303 3932 464 4004 susceptum
479 3929 536 3988 iter
550 3940 788 4010 prosequeretur,
810 3935 907 3996 Oseser
922 3937 1098 4012 principibus
1117 3943 1220 4012 posteo
1234 3953 1358 4011 conque·

189 4041 250 4098 stus
275 4041 332 4110 est,
358 4051 388 4096 se
411 4050 447 4095 ex
470 4036 618 4110 pressione
640 4055 741 4098 menos
761 4040 798 4100 ob
819 4039 978 4118 chiragrum
997 4047 1026 4102 et
1045 4044 1203 4118 podagrum
1217 4043 1359 4102 eruciatus

188 4143 326 4202 meximos
340 4141 493 4215 pertulisse
509 4145 538 4201 et
552 4147 649 4201 tumen
663 4160 721 4202 non
735 4145 862 4217 potuisse
877 4147 1031 4222 Siekingen
1046 4146 1227 4222 pudeiocero.
1264 4147 1359 4221 Hujus

92 4299 94 4305 Α
185 4246 246 4321 Joei
261 4249 291 4304 et
305 4243 402 4306 (iaeser
424 4247 486 4320 ipse
506 4252 535 4306 et
549 4246 720 4308 Frenoiseus
736 4247 905 4312 Chunredus
924 4259 1030 4327 prester
1051 4255 1148 4326 plures
1163 4258 1193 4314 et
1206 4255 1315 4315 euntes
1328 4259 1360 4316 et

191 4351 319 4414 oculetos
334 4355 422 4414 testes
437 4356 578 4426 martures
593 4357 668 4414 sunt.
