3028 4894
720 312 765 376 25

153 496 207 570 ipsi
220 493 334 556 libitum
348 493 461 570 iuerat,
484 495 565 568 cuijus
578 494 622 554 rei
637 493 712 556 cives
733 493 835 570 opibus
855 495 988 554 elatimes
1008 491 1076 554 iacti
1095 497 1212 570 pertaesi
1227 495 1326 556 urbem

154 603 236 660 cuba
250 602 344 675 prima
358 601 466 660 moenia
481 599 647 674 dilatarunt,
662 599 786 674 fossatis,
802 601 943 674 turribus,
960 599 1180 674 propugnaculis
1196 607 1226 660 et
1239 617 1325 676 agge·

154 706 234 765 ribus
250 707 460 766 circumdantes
474 721 508 764 ac
523 722 576 778 pro
592 721 644 764 suo
656 707 722 780 jure
738 705 854 766 easdem
868 709 966 779 portas
982 708 1011 765 et
1025 705 1189 769 clauserunt
1204 711 1234 765 et
1247 722 1326 765 rese-

158 816 259 871 rarunt
277 812 425 871 hactenus.
463 811 548 869 Nunc
567 827 636 870 vero
652 809 771 870 Carolus
789 811 910 882 Quintus
930 826 982 882 per
1001 812 1203 884 sesquiannum
1223 811 1327 870 ibidem

157 918 323 993 primarium
342 917 404 990 agit
423 916 585 990 consulem,-
608 917 657 988 qui
671 917 815 991 magistris
834 916 949 990 vigilum
965 916 1105 974 exercitus
1124 917 1214 989 ipsius
1233 918 1327 976 claves

152 1027 301 1097 portarum
316 1021 464 1081 commisit.
495 1021 542 1081 Sic
557 1039 609 1082 sua
624 1021 778 1096 prudentia
793 1023 868 1080 cives
883 1023 1060 1094 episcopum,
1078 1019 1197 1080 Carolus
1212 1037 1264 1080 sua
1278 1038 1325 1080 so·

152 1128 241 1188 tertia
256 1144 289 1188 ac
304 1130 434 1202 potentia
448 1128 630 1202 Augustanos
646 1127 777 1187 occludit.
1165 1102 1171 1116 ’

243 1233 417 1308 augustanis
433 1249 509 1293 auno
524 1234 665 1308 superiori
681 1233 865 1326 §chastimns
878 1230 1007 1291 Schertel
1023 1236 1052 1290 et
1067 1231 1126 1291 dux
1141 1234 1283 1292 exercitus
1298 1239 1327 1292 et

150 1337 239 1398 rebus
261 1339 366 1399 urbicis
385 1337 555 1414 praefuerat,
580 1340 630 1411 qui
651 1355 714 1398 cum
729 1337 884 1423 aliquando
905 1352 1001 1395 secum
1014 1343 1178 1412 reputaret,
1203 1353 1252 1396 eos
1274 1339 1325 1410 qui

151 1444 270 1504 Plutoni
285 1461 318 1504 ac
332 1442 466 1518 religioni
481 1443 665 1518 addictiores,
689 1448 722 1502 ut
736 1443 840 1502 multos
858 1442 945 1503 habet
959 1442 1099 1516 Augusta,
1123 1442 1231 1500 sufficet
1246 1443 1324 1501 Wel-

150 1565 245 1624 zaroc,
261 1549 421 1624 FuggeroS,
437 1548 663 1623 Haehstetteros,
679 1531 907 1622 quorum‘tameu
918 1545 1027 1606 familia
1041 1547 1078 1606 ad
1093 1548 1195 1620 stipem
1210 1547 1327 1606 redacta

153 1659 208 1728 est,
224 1641 457 1728 Baumgarteros,
474 1653 597 1714 Gcsleos·
609 1659 638 1712 et
652 1655 747 1714 nescio
763 1670 835 1727 quos
851 1652 1182 1726 HerbrotosAquilarios
1199 1658 1228 1711 et
1242 1653 1325 1727 quid·

150 1759 223 1832 quid
237 1760 323 1832 hujus
339 1767 383 1821 est
397 1759 497 1820 farinae
518 1760 606 1820 divite
625 1776 697 1833 gaza
716 1759 861 1834 gaudens,
884 1775 936 1818 nec
955 1759 1061 1818 bellum
1079 1775 1132 1818 nec
1152 1759 1326 1818 obsidionem

148 1865 272 1940 laturos,
286 1882 380 1925 secum
395 1867 495 1927 statuit
509 1867 631 1940 ipsemet
639 1866 684 1924 his
694 1866 741 1926 vel
755 1864 827 1925 urbe
841 1865 929 1938 pulsis
945 1864 990 1924 vel
1005 1865 1165 1939 suppressis
1182 1865 1325 1924 civitatem

149 1987 303 2046 occupare,
319 1978 489 2046 experturus
504 1969 658 2031 fortunam.
696 1970 737 2029 At
751 1973 808 2045 vir,
824 1967 856 2029 ut
871 1975 915 2030 est
929 1971 1045 2030 heroico
1060 1971 1169 2044 auimo,
1185 1969 1325 2030 bonorum

149 2077 271 2136 consilio
287 2077 477 2150 subscribens,
493 2081 595 2152 postea
609 2082 718 2136 mutata
734 2078 876 2136 sententia
891 2077 1040 2151 perpensis
1055 2077 1152 2134 multis
1167 2077 1280 2135 senatui
1295 2081 1327 2136 ut

148 2199 183 2241 se
201 2183 233 2240 in
253 2181 374 2242 Caesaris
397 2182 575 2242 clementiam
595 2181 710 2256 darent,
734 2184 884 2256 persuasit.
924 2181 1052 2256 Optimus
1072 2181 1158 2242 heros
1178 2182 1324 2240 rarissimo

148 2287 285 2362 exemplo
298 2288 342 2346 sui
356 2289 484 2360 corporis
499 2303 533 2346 ac
547 2283 713 2348 facultatum
728 2288 853 2360 pericula
873 2287 953 2346 obire
968 2287 1091 2360 malens,
1116 2301 1201 2358 quam
1223 2288 1325 2346 civium

148 2408 269 2453 suorum
284 2394 451 2467 sauguinem
466 2409 519 2452 sua
538 2409 624 2452 causa
638 2390 720 2452 fundi
735 2398 764 2452 et
779 2392 851 2452 urbe
871 2398 900 2452 et
914 2391 1010 2466 patria
1025 2391 1118 2450 cessit.
1159 2391 1247 2465 Cujus
1266 2391 1326 2453 fata

151 2499 195 2558 dii
209 2495 375 2579 secundent.

241 2603 353 2663 Eadem
367 2609 484 2664 senatus
499 2604 613 2662 nomine
628 2605 695 2664 vino
710 2603 843 2663 honorati
858 2617 963 2660 sumus.

241 2708 361 2768 Domine
376 2709 470 2782 Deus,
495 2707 533 2768 da
552 2724 679 2769 amorem
700 2713 730 2767 et
747 2709 879 2767 timorem
900 2709 943 2768 tui
965 2712 994 2768 et
1008 2706 1230 2766 misericorditer
1250 2710 1282 2765 ut
1296 2708 1326 2766 in

151 2815 260 2890 populo
276 2813 375 2888 beato,
392 2815 442 2888 qui
457 2815 510 2872 scit
521 2814 734 2894 jubilationem,
751 2813 928 2888 reperiamur
943 2811 1074 2872 concede.

241 2920 300 2993 xxij
316 2920 424 2994 Aprilis
440 2919 517 2993 apud
534 2917 630 2979 divum
646 2919 813 2978 Mauritium
828 2919 952 2978 Musculi
972 2919 1136 2978 concionem
1151 2918 1250 2978 audire
1266 2923 1323 2979 sta·

151 3026 257 3085 tuimus
273 3026 350 3084 intra
364 3029 475 3084 sextam
491 3029 520 3083 et
535 3025 692 3097 septimam.
717 3024 804 3084 Mane
820 3026 907 3100 igitur
921 3025 976 3086 hoc
990 3025 1127 3100 templum
1140 3022 1324 3099 frequentas·
1387 3095 1390 3101 .

151 3136 212 3206 tes,
234 3131 287 3189 hos
302 3130 374 3190 ritus
389 3130 595 3191 ecclesiasticos
615 3130 656 3189 ibi
673 3128 820 3190 observari
838 3132 968 3191 uidimus.
1009 3131 1157 3190 Semihora
1177 3135 1243 3188 ante
1258 3130 1324 3188 uulti-

150 3251 229 3294 mum
244 3245 446 3310 campanarum
462 3235 575 3310 pulsum
589 3234 640 3294 ubi
654 3251 722 3309 pars
741 3237 837 3309 aliqua
852 3238 979 3298 ccclesiae
995 3237 1136 3310 convenit,
1151 3251 1209 3294 uno
1223 3235 1324 3309 praeci·

152 3347 238 3402 uente
258 3343 370 3400 canitur
389 3341 516 3415 psalmus
539 3341 643 3413 aliquis
665 3341 695 3398 in
716 3342 972 3402 nostrumtidioma
993 3343 1149 3402 translatus
1169 3357 1278 3400 stimma
1297 3344 1326 3398 et

152 3446 295 3507 modestia
316 3450 346 3505 et
360 3444 520 3506 devotione.
558 3446 629 3506 Post
646 3446 763 3520 aliquod
784 3449 978 3507 interstitium
990 3462 1090 3504 rursus
1105 3446 1178 3504 alter
1200 3433 1325 3519 quidam,

151 3551 228 3612 idem
242 3549 276 3611 fit
289 3556 356 3625 post
368 3567 478 3610 moram
492 3551 713 3626 longiusculam,
738 3551 828 3611 donec
844 3552 923 3623 justa
938 3551 1057 3609 ccclesia
1076 3550 1154 3609 adsit
1168 3553 1197 3607 et
1212 3564 1324 3622 campa-

152 3673 256 3716 narum
276 3657 406 3716 ultimum
428 3657 542 3732 signum
564 3658 662 3718 datum
684 3658 730 3715 sit.
768 3655 822 3714 His
843 3656 967 3729 peractis
989 3657 1141 3731 praelector
1162 3659 1326 3728 suggestum

154 3761 347 3822 conscendens
362 3763 494 3822 invocato
510 3763 606 3823 divino
620 3763 736 3821 numine
751 3761 821 3835 legit
836 3762 1031 3836 paragrapbos
1046 3763 1205 3836 aliquotas
1218 3760 1324 3821 Matth.

153 3868 192 3941 xij
209 3867 313 3943 capite.
351 3867 463 3928 Deinde
484 3884 623 3930 summam
642 3865 709 3928 fidei
724 3874 831 3927 nostrae
850 3883 885 3928 ex
905 3868 999 3928 verbis
1016 3868 1121 3928 Christi
1135 3869 1254 3929 Joannis
1269 3867 1324 3927 Vl:

154 3971 224 4032 Haec
238 3979 333 4034 autem
349 3979 392 4033 est
403 3974 535 4036 voluntas
550 3975 625 4048 ejus,
642 3975 691 4046 qui
705 3974 782 4032 misit
795 3989 851 4048 me,
873 3980 905 4034 ut
920 3977 1021 4048 omnis,
1038 3976 1086 4048 qui
1100 3974 1179 4034 videt
1193 3973 1283 4033 filium
1297 3980 1327 4034 et

154 4077 244 4138 credit
258 4079 289 4137 in
304 4093 378 4154 eum,
393 4077 502 4151 habeat
514 4081 601 4140 vitam
616 4084 762 4152 aeternam,
779 4085 809 4138 et
823 4096 877 4154 ego
891 4079 1034 4140 suscitabo
1050 4096 1114 4138 eum
1127 4080 1157 4136 in
1173 4079 1326 4139 novissimo

154 4183 209 4258 die,
233 4189 284 4244 aut
298 4184 382 4242 simili
396 4185 494 4259 aliquo
509 4203 550 4245 ex·
560 4187 648 4254 sacris
664 4186 813 4259 scripturis
825 4185 896 4244 loco.
929 4183 1043 4243 Deinde
1057 4182 1189 4243 hortatur
1204 4184 1242 4244 ad
1258 4200 1324 4243 con·

154 4286 316 4364 fessionem,
332 4285 464 4365 praelegit
477 4290 597 4352 formam
613 4291 790 4366 potissimum
805 4290 1004 4362 continentem,
1022 4304 1106 4362 quam
1122 4289 1193 4348 nihil
1208 4289 1276 4351 boni
1290 4291 1327 4348 sit

156 4395 185 4452 in
200 4394 329 4472 homine,
352 4410 437 4470 quam
451 4397 523 4458 nibil
538 4398 612 4458 viras
629 4401 735 4458 nostrae
750 4393 857 4458 faciant
871 4393 910 4461 ad
924 4393 1058 4469 salutem,
1079 4392 1249 4455 concludens
1263 4409 1327 4452 cum
