2966 4900
785 284 852 352 202

232 470 325 546 patris
344 469 469 532 humano
490 469 590 546 generi
610 468 747 544 praestitis
766 465 913 530 benefieiis
936 465 1066 542 quotidie
1088 465 1180 528 videri
1199 463 1290 528 docuit
1319 461 1367 522 tia
1435 515 1446 557 ι

232 591 305 652 opus
320 581 373 651 est,
389 577 442 652 ait,
467 583 499 636 ut
514 577 544 635 in
557 574 614 634 hoc
627 573 749 632 multum
763 573 901 648 temporis
916 577 1019 632 teram.
1051 571 1082 632 si
1098 573 1175 630 enim
1188 572 1240 645 ipsi
1253 569 1369 630 nobiscm
1435 617 1447 660 Ι

233 681 397 756 recolimus,
421 697 486 757 que
505 680 609 756 singuli
630 677 770 740 beneficia
789 695 808 738 a
828 679 882 738 deo
902 678 1030 752 quotidie
1048 679 1259 750 consequimur,
1277 675 1372 748 quisque
1439 727 1450 764 ἢ

232 786 348 848 abunde
362 789 432 848 satis
447 789 477 847 in
492 787 607 860 seipso
628 785 690 844 lraec
713 799 782 844 vera
806 800 869 844 esse
889 785 1055 860 comperiet.
1083 783 1133 843 -Ει
1153 787 1247 842 antem
1267 795 1325 840 vera
1342 785 1373 836 est
1442 813 1451 870 ὲ

232 891 441 966 misericordie,
465 897 498 950 ut
513 907 581 964 erga
596 905 694 950 omues
715 891 763 964 pio
781 892 820 949 sis
841 887 962 964 affectu,
987 905 1069 963 reque
1091 887 1269 948 benefaciens
1282 883 1376 945 hostiet
1447 939 1453 976 Ἦ

232 997 356 1070 inimica
372 995 409 1056 ob
423 995 507 1055 deum
520 1011 553 1055 uc
568 998 691 1054 amicum
705 1010 812 1056 amare.
838 995 912 1054 Nam
928 994 1036 1056 directe
1052 994 1185 1068 opposita
1200 997 1265 1052 sunt
1279 988 1375 1064 Spracl·

233 1099 511 1174 ebeBarmbertuig,
536 1102 617 1172 quasi
634 1099 713 1160 dicas
728 1101 937 1174 wurmhertzig.
977 1099 1098 1174 Oportet
1119 1099 1195 1158 enim
1217 1102 1251 1158 ut
1268 1096 1324 1154 bac
1340 1093 1377 1150 ni·
1449 1149 1453 1186 ἱ

233 1203 389 1266 sericordia
403 1202 455 1266 fiat
470 1219 505 1264 ex
520 1201 660 1280 flagrante
675 1205 804 1266 emitatis
820 1212 898 1265 motu
919 1209 973 1264 etc.
1011 1203 1057 1264 De
1077 1221 1135 1264 non
1152 1203 1305 1276 jndicaudo
1322 1215 1378 1274 pra
1451 1255 1454 1294 Ι

233 1312 310 1372 clare
325 1326 439 1386 qnoque
454 1311 551 1372 docuit
570 1325 703 1369 asserem
723 1325 809 1383 quem
828 1309 884 1369 boo
904 1311 965 1370 vitii
986 1310 1070 1370 modo
1089 1310 1198 1384 passim
1218 1311 1323 1382 regnet
1353 1303 1381 1360 El
1451 1359 1454 1398 ,

232 1416 279 1478 hie
291 1417 388 1492 jussit,
404 1433 441 1478 ne
455 1415 571 1477 omnino
585 1417 691 1489 privati
702 1415 896 1488 judicaremus
913 1416 948 1476 de
963 1416 1109 1490 religionis
1125 1419 1212 1488 statu,
1229 1411 1280 1473 sed
1294 1408 1381 1479 esuri
1453 1465 1454 1492 ,

234 1523 385 1598 episcopis,
402 1521 566 1596 pastoribus
582 1525 611 1580 et
626 1518 841 1594 magistratibus
857 1519 1034 1580 secularibus
1049 1521 1276 1594 relinqueremus
1285 1515 1382 1588 acquis-
1453 1569 1455 1607 ,

205 1651 211 1658 ·
234 1643 290 1701 que
306 1643 338 1686 se
353 1642 405 1686 suo
421 1626 494 1701 pede
511 1628 662 1686 metiretur
677 1639 793 1698 sueque
809 1627 910 1686 mluds
925 1627 1066 1686 rationem
1081 1625 1201 1698 quisque
1221 1625 1335 1686 haberet
1350 1633 1383 1676 se
1444 1674 1449 1701 ,

234 1737 294 1790 ιιιιι
306 1731 401 1806 ipsum
413 1730 578 1805 iudicando,
595 1747 660 1790 nam
675 1736 736 1789 tom
750 1728 814 1790 fieri
829 1737 861 1790 ιιι
875 1729 960 1790 lacile
975 1729 1083 1803 aliquid
1098 1731 1231 1788 mantice
1241 1729 1337 1788 alena
1348 1721 1385 1781 ob

234 1836 421 1896 livboeretur.
459 1836 565 1911 Attigit
586 1842 616 1897 et
633 1835 726 1896 obiter
750 1835 871 1896 eundem
896 1837 1051 1912 apologum
1073 1835 1109 1895 de
1132 1834 1243 1895 duobus
1262 1828 1385 1892 meoticis.

235 1939 373 2002 Jndioare
388 1941 430 2001 ait
444 1955 506 2000 esse
521 1941 692 2000 seumntiam
707 1942 737 2000 in
752 1941 876 2015 aliquem
898 1940 1003 2002 dicere.
1036 1939 1233 2000 condemnere
1252 1954 1320 1998 uero
1337 1947 1386 1994 estc

235 2043 371 2122 quiddam
386 2047 492 2119 majus,
516 2045 594 2118 quod
609 2047 643 2118 is,
660 2049 708 2120 qni
729 2047 912 2122 condemnat,
934 2046 1055 2120 judicati
1074 2062 1178 2121 poenas
1199 2043 1351 2104 mnenon
1365 2042 1387 2098 et

234 2149 398 2226 promulget
412 2155 465 2210 etc.
496 2149 558 2210 Nee
572 2154 669 2211 ιιιιιιιι
683 2151 730 2210 ιιι
745 2153 841 2212 dicere
856 2153 959 2226 omisit,
977 2150 1110 2227 qualibus
1124 2152 1256 2225 personis
1266 2147 1385 2224 iudicium

235 2257 419 2332 permissum,
436 2256 568 2316 nimirum
583 2256 750 2329 parentibus
766 2259 796 2316 in
811 2256 926 2330 liberos,
942 2256 1191 2317 concionatoribus
1207 2255 1292 2316 verbo
1306 2258 1333 2314 et
1344 2264 1387 2326 per

235 2362 354 2424 verbum
368 2364 399 2422 in
413 2363 559 2437 populum,
576 2362 707 2437 exemplo
720 2362 927 2437 prophetarum
937 2362 1179 2437 etapostolorum,
1196 2363 1386 2422 necimmemor

236 2470 324 2529 etiam
337 2467 455 2529 festuca
471 2472 500 2526 ιι
514 2467 615 2528 trabis.
639 2468 684 2528 De
699 2467 903 2528 controuersiis
917 2468 1065 2542 religionis
1079 2468 1153 2528 odeo
1165 2464 1351 2541 praemeditate
1363 2462 1387 2516 ti

236 2574 439 2648 circumspecte
452 2573 638 2648 loquebatur,
664 2578 697 2634 ιιι
710 2589 795 2633 nemo
811 2587 842 2632 se
857 2571 981 2632 carbone
1000 2575 1095 2634 notari
1116 2575 1197 2648 queri
1220 2576 1319 2646 posset.
1345 2565 1385 2624 Pie

236 2683 332 2740 autem
347 2695 436 2754 sagax
450 2678 533 2739 lacile
549 2676 686 2739 olfecerat
700 2677 827 2738 dolorem
842 2679 920 2738 bisce
935 2677 1113 2754 temporibus
1136 2695 1173 2738 ex
1192 2673 1386 2738 abstrusissime

236 2786 286 2846 illa
300 2786 461 2846 interimica
475 2785 734 2844 controversiarum
749 2784 896 2857 religionis
918 2785 1125 2845 conciliatione.
1162 2783 1273 2844 lubens
1291 2797 1337 2842 uos
1353 2779 1385 2836 in·

236 2906 323 2964 super
338 2889 456 2950 arborea
471 2889 562 2950 bonas
577 2904 639 2950 esse
654 2895 709 2949 etc.
746 2890 786 2949 Et
800 2889 868 2962 quid
882 2888 1021 2948 multum?
1051 2887 1097 2948 Ne
1109 2891 1173 2963 jota
1189 2889 1303 2962 quidem
1321 2887 1386 2944 inex·

237 3009 349 3054 cussum
363 2993 489 3066 reliquit.
514 2994 688 3053 Misereatur
703 2997 794 3054 nostri
810 2995 898 3068 Deus,
915 3011 951 3054 ne
961 2993 1122 3055 Germaniae
1137 2995 1191 3054 hos
1206 2996 1284 3053 viros
1298 2990 1388 3056 &dan

237 3095 372 3158 invideat.
403 3099 482 3155 Inter
497 3095 637 3156 beneficia
651 3103 747 3156 eutem
762 3098 818 3157 Dei
832 3099 902 3158 illud
918 3100 1095 3174 potissimum
1110 3099 1313 3174 exaggerabat,
1327 3087 1388 3168 quod

237 3204 316 3264 Dens
331 3201 408 3260 bisce
422 3200 598 3276 temporibus
613 3199 776 3262 Germaniae
792 3209 849 3262 ιιιιι
865 3205 1024 3264 luculenter
1044 3203 1163 3264 verbum
1183 3219 1266 3263 suum
1286 3199 1389 3274 mugitus

238 3308 339 3381 luerit,
361 3311 394 3366 ιιι
407 3307 439 3365 in
453 3306 532 3368 nulla
546 3307 592 3366 vel
606 3306 724 3381 regione
739 3291 785 3366 vel
799 3309 862 3368 loco
878 3327 936 3369 non
951 3310 1155 3370 annunciatum
1170 3309 1218 3370 sit.
1252 3306 1308 3368 Sed
1325 3298 1389 3378 quid,

238 3416 341 3499 iuquit,
357 3429 410 3474 nos
425 3410 562 3474 lecimus?
585 3413 775 3488 ingratissime
791 3414 922 3490 omnibus
939 3415 1015 3476 vitiis
1030 3415 1158 3476 habenas
1169 3414 1336 3474 laxadmns.
1361 3405 1391 3464 Et

237 3537 274 3584 ue
288 3537 363 3582 unus
378 3521 510 3597 princeps
525 3519 592 3595 fuit,
617 3520 665 3593 qui
680 3519 727 3580 vel
742 3535 835 3580 mores
850 3523 1002 3581 immutare
1016 3521 1155 3595 voluerit,
1180 3522 1223 3578 ita
1238 3523 1271 3578 ut
1281 3511 1390 3594 justissi-

238 3643 313 3686 mam
326 3627 400 3690 hanc
414 3628 639 3698 persecutionem
655 3634 684 3687 ιι
698 3629 809 3701 maiora
823 3627 867 3686 his
882 3625 1041 3686 commeriti
1055 3625 1152 3684 simus.
1176 3623 1216 3683 Et
1231 3622 1306 3698 quod
1320 3619 1391 3694 peius

238 3743 273 3789 ec
283 3730 375 3800 maius
390 3736 442 3802 est,
459 3747 511 3791 nec
525 3749 601 3792 nunc
617 3732 766 3805 quisquam
781 3738 825 3792 est
839 3748 857 3790 a
872 3730 1079 3805 persecutione,
1097 3731 1146 3804 qui
1161 3731 1191 3788 in
1205 3730 1335 3790 arborem
1348 3724 1390 3782 bo·

239 3848 304 3900 naur
324 3846 490 3893 excrescere
512 3836 617 3906 cupiat.
655 3836 709 3896 Est
730 3837 924 3897 consternatio
946 3835 1106 3895 animorum
1125 3833 1232 3906 ubique
1254 3846 1353 3908 magua
1370 3829 1394 3883 ct

240 3940 407 4016 queruntur
421 3937 523 4011 media,
540 3937 628 3998 verbo
644 3945 740 3998 autem
755 3941 873 4000 obedire
888 3945 917 4000 et
931 3946 1014 4000 tunm
1029 3937 1170 3999 beneficia
1184 3937 1302 4012 benigni
1315 3931 1393 4012 patris

232 4044 390 4122 agnovisse
405 4057 489 4102 nemo
504 4046 548 4102 est
564 4043 613 4114 qni
628 4042 699 4102 velit
714 4051 767 4104 etc.

327 4149 355 4209 A
369 4149 505 4210 concione
525 4146 738 4208 obsecrationes
761 4148 824 4208 fieri
840 4153 934 4224 jussit.
973 4151 1013 4210 Et
1027 4147 1155 4224 prolecto
1176 4163 1260 4208 nemo
1276 4143 1341 4206 setis
1354 4155 1392 4200 ar·

241 4258 340 4317 dorem
354 4255 531 4330 precantium
546 4255 576 4314 in
591 4254 668 4314 hisce
683 4254 847 4328 regionibus
861 4257 962 4316 mirari
970 4260 1077 4331 posset,
1094 4252 1170 4328 quod
1181 4243 1394 4328 compositissini

240 4366 337 4438 gestus
352 4358 435 4422 facile
450 4359 586 4420 indicant
626 4359 816 4435 Posteaquam
831 4362 951 4424 ambone
966 4361 1147 4421 ecclesiastes
1162 4357 1317 4432 descendit,
1331 4350 1392 4414 ludi·
