2940 4900
739 317 803 385 lte

186 501 348 564 ceomiliio
368 507 397 562 et
417 503 555 575 exercitu,
579 501 653 562 alter
671 501 861 578 hippodromo
882 505 913 560 et
929 501 1120 574 impastoriis
1140 499 1225 572 equis
1243 501 1350 572 preest,

187 613 291 668 uterer.
330 606 386 668 Sed
401 613 548 684 magnetes
563 608 658 683 magni
674 625 741 668 suas
756 623 860 682 operas
874 607 972 666 locam
990 604 1022 663 bi
1035 607 1090 664 esi
1109 609 1213 664 efflent
1225 603 1280 660 riri
1292 601 1353 660 boni

186 713 234 788 qul
250 729 351 790 parum
366 729 416 774 eos
431 713 547 774 eiicere
561 713 615 774 bae
630 713 661 772 iu
674 729 707 772 re
722 719 862 788 putarunt
875 710 1036 770 institutum
1049 725 1144 768 mann
1159 707 1281 768 mutari

275 817 385 880 liudem
400 819 616 894 instigatoribns
631 819 778 894 papistieis
797 817 907 878 civibus
926 833 979 890 per
998 815 1073 873 lixas
1091 814 1235 873 indicum
1255 817 1356 884 estper
1449 795 1450 800 ¹

187 925 342 984 crastinum
357 923 464 998 terium,
488 923 565 998 quod
579 940 615 984 ea
629 930 707 984 esset
726 923 796 998 dies,
820 929 853 982 ut
871 927 983 993 vocent,
1006 921 1121 993 corpori
1141 919 1257 978 (briss
1275 931 1356 974 sacra

187 1027 244 1088 Por
259 1029 331 1088 lixas
346 1033 441 1090 autem
456 1027 562 1090 mum
577 1035 629 1101 est,
653 1029 721 1103 qnia
735 1029 951 1090 concionatores
965 1041 1019 1099 pro
1034 1030 1174 1098 suggestas
1189 1021 1359 1082 dennnlu’are
1454 1095 1455 1120 i

187 1133 331 1210 uolebant,
355 1150 389 1194 eo
411 1130 490 1207 quod
511 1134 589 1192 intra
610 1150 702 1194 annos
723 1133 821 1194 decem
841 1137 872 1193 et
891 1137 955 1193 octo
975 1132 1037 1190 brec
1051 1131 1212 1188 omimonia
1226 1126 1361 1199 Auguste
1454 1181 1455 1184 ,

186 1245 302 1298 servolo
324 1255 381 1300 nou
402 1237 506 1298 iuerat.
552 1239 622 1298 llaec
646 1244 712 1298 sunt
733 1239 816 1298 initia
838 1237 983 1310 dolorum,
1005 1235 1053 1294 bic
1074 1234 1189 1294 bnans
1213 1227 1360 1290 iuterimici

186 1349 320 1418 mustus·
342 1343 475 1406 Antiochi
498 1344 617 1404 illustris
644 1349 674 1404 et
701 1343 852 1404 Heliodori
879 1341 1047 1418 petulantia.
1090 1341 1214 1412 Exurge
1243 1333 1361 1402 domine,

186 1463 276 1524 quaro
291 1447 421 1510 dormis?
1076 1439 1081 1448 '

276 1553 429 1616 Nobiscum
450 1555 556 1614 coenati
578 1558 646 1613 sunt
660 1535 874 1628 linieplrnuseu‚
899 1553 1001 1614 doctm
1021 1549 1138 1626 qnidam
1159 1545 1318 1608 Holsatins
1338 1545 1363 1598 ct

188 1657 286 1720 blobas
303 1657 523 1721 wormaciensis
539 1658 704 1720 adolescens
725 1659 850 1718 omnium
870 1659 1006 1720 botarum
1026 1656 1122 1726 homo,
1147 1660 1178 1712 et
1197 1660 1362 1726 emim
1448 1703 1449 1725 2

183 1763 267 1838 Juxta
290 1765 471 1840 proverbium
494 1765 598 1826 murus
620 1765 708 1822 mum
736 1764 923 1839 prohibeant,
953 1769 1049 1824 tamen
1071 1761 1222 1837 joculator
1250 1753 1363 1830 quidam
1449 1771 1450 1800 ;

188 1867 276 1928 licius
291 1883 405 1942 quoque
422 1869 499 1930 venit
514 1875 606 1932 artem
621 1885 702 1930 sunm
720 1883 865 1930 exercens.

277 1973 342 2048 xxx]
360 1973 432 2048 Muli
447 1989 511 2048 qum
527 1979 571 2034 est
586 1974 686 2034 ultima
701 1974 827 2048 ejusdem
842 1975 871 2034 d.
887 1975 1014 2035 Joannes
1028 1973 1171 2032 Heuricus
1186 1988 1228 2030 ex
1242 1985 1307 2042 cap.
1326 1964 1360 2021 13

188 2075 226 2138 ud
249 2077 393 2140 Romanos
417 2079 601 2140 concionatus
625 2083 682 2154 est,
706 2080 867 2139 summatim
891 2078 1019 2139 referens
1041 2063 1106 2151 qnae
1126 2077 1238 2136 Panlus
1259 2074 1291 2132 in
1312 2071 1361 2128 boc

188 2181 280 2258 sepite
296 2181 434 2245 docuerit.
468 2183 522 2244 l'bi
538 2183 575 2246 ad
591 2199 656 2244 aum
670 2184 778 2259 locum,
806 2185 950 2244 «charites
965 2189 1010 2242 est
1022 2181 1152 2256 impletio
1166 2182 1278 2254 legin,
1300 2191 1361 2250 per·

188 2287 279 2366 veut,
308 2289 402 2350 multis
426 2289 535 2366 docuit,
565 2289 707 2366 quomodo
733 2291 853 2350 invicem
875 2295 1003 2348 mutuam
1030 2288 1198 2348 charitatem
1222 2281 1359 2345 fraribus

188 2393 292 2456 costus
315 2395 344 2458 iu
367 2394 480 2458 (turiseo
501 2395 668 2471 debeamus,
694 2393 811 2469 etquid
832 2394 1003 2455 christianos
1026 2408 1096 2468 erge
1118 2409 1149 2452 se
1168 2392 1251 2466 ipsos
1269 2387 1360 2447 iacere

189 2497 298 2563 deeset.
322 2500 402 2564 buit
417 2517 540 2578 quoquo,
557 2501 593 2564 de
606 2517 663 2577 qua
674 2500 815 2562 charitate
826 2502 880 2561 hoc
896 2501 959 2562 loco
975 2499 1086 2560 locutus
1099 2499 1149 2569 sit;
1172 2512 1243 2570 non,
1259 2491 1358 2566 inquil,
1448 2486 1452 2535 ἶ

189 2603 224 2664 ds
240 2621 274 2664 so
291 2621 396 2680 aurore,
422 2621 505 2681 quem
521 2605 650 2666 uouuudli
665 2606 807 2682 obscoenis
822 2605 1001 2666 sermonibus
1016 2604 1071 2664 sibi
1086 2602 1241 2661 conciliare
1259 2611 1360 2659 consur

188 2715 246 2788 tur,
268 2716 319 2772 eut
333 2711 368 2772 de
384 2727 428 2788 eo,
452 2711 500 2788 qui
516 2712 671 2788 parmulae
685 2715 763 2772 artes
778 2711 967 2784 contrabitur,
990 2708 1043 2769 sed
1056 2708 1093 2768 dc
1108 2706 1260 2778 charitate,
1278 2713 1359 2778 quam

190 2813 320 2876 Christus
340 2817 479 2892 praecepit
500 2822 530 2878 et
551 2831 636 2890 quem
659 2818 771 2890 inipso
793 2831 863 2890 erga
885 2831 938 2875 nos
959 2813 1087 2888 quotidie
1108 2811 1289 2884 experimur,
1311 2817 1360 2864 net

189 2923 299 2980 mutum
314 2919 392 2982 Deus
407 2925 490 2996 pater
506 2937 558 2995 per
573 2920 716 2987 Christum
731 2921 813 2980 nobie
827 2927 954 2980 mutuam
969 2918 1149 2979 dilectionem
1162 2920 1222 2974 tum
1237 2915 1359 2989 primum

189 3023 339 3096 praecepit,
364 3038 461 3083 verum
483 3024 568 3100 louge
590 3028 657 3084 ante
679 3024 742 3082 haec
763 3026 944 3106 temporeis
966 3029 1062 3083 monte
1081 3021 1170 3095 Synai
1188 3019 1219 3079 in
1238 3015 1359 3094 lapideis

188 3123 294 3186 tabulis
315 3130 345 3186 et
365 3127 501 3202 scriptum
517 3133 546 3188 et
565 3131 740 3202 praeceptum
759 3133 812 3201 est,
837 3128 958 3204 diligere
973 3129 1142 3204 proximum.
1176 3124 1309 3184 Adduxit
1325 3131 1359 3178 ex
1456 3177 1457 3206 ,

190 3229 281 3290 Paulo
296 3231 334 3294 ad
342 3229 504 3294 Corinthios
519 3232 715 3306 lucumonem
730 3234 894 3294 necessarie
907 3250 954 3293 res
969 3235 1006 3293 sit
1021 3233 1137 3305 caritas,
1153 3235 1183 3290 et
1196 3229 1276 3303 quod
1289 3226 1358 3287 fides
1456 3219 1457 3276 l

190 3341 218 3396 et
234 3335 358 3398 charitas
374 3333 526 3398 individuae
546 3351 660 3398 sorores
680 3337 746 3410 sint,
769 3336 811 3396 ite
829 3342 935 3414 tamen
959 3343 992 3398 ut
1010 3337 1135 3396 charitas
1154 3353 1171 3394 e
1191 3333 1260 3395 fidei
1281 3331 1357 3393 sonte

189 3444 390 3520 scaturiginem
405 3459 485 3506 suam
500 3443 614 3506 babeat.
645 3443 717 3502 Item
736 3440 841 3515 docuit,
866 3443 915 3517 qui
931 3441 1061 3502 cbristus
1080 3442 1164 3501 Jesus
1183 3441 1214 3498 in
1232 3445 1358 3499 minema
1456 3427 1457 3436 ’

189 3565 252 3612 cum
271 3551 418 3628 discipulis
433 3567 516 3612 coena
530 3549 694 3612 mandatum
710 3547 745 3608 de
760 3547 900 3608 charitate
915 3547 1107 3617 renovaverit,
1123 3545 1232 3604 dicens:
1260 3543 1358 3602 «bian-

189 3651 287 3713 datum
302 3670 406 3716 novum
421 3655 458 3714 do
474 3655 564 3731 vobis,
588 3659 621 3716 ut
638 3653 765 3728 diligetis
784 3667 836 3713 ros
855 3653 986 3711 invicem.
1021 3651 1068 3712 Ex
1086 3649 1142 3709 hoc
1161 3651 1237 3708 enim
1255 3662 1356 3722 agnos·

190 3760 255 3813 osnt
269 3755 411 3846 honines,
436 3759 514 3834 quod
530 3759 660 3835 discipuli
675 3760 731 3818 mei
751 3759 829 3831 estis,
854 3756 878 3816 si
892 3755 1050 3816 dilexeritis
1069 3771 1121 3813 ros
1140 3754 1281 3812 invicem«
1306 3757 1357 3809 etc.

190 3855 262 3914 Item
277 3858 418 3930 quomodo
429 3859 558 3922 Christus
574 3877 640 3922 suos
655 3880 708 3937 per
722 3861 881 3936 symbolum
895 3860 1043 3921 charitatis
1056 3859 1174 3934 agnosci
1186 3857 1264 3919 velit.
1288 3857 1358 3917 item

191 3961 268 4036 quod
288 3961 417 4022 domiuus
437 3967 535 4024 noster
555 3965 641 4024 iesus
661 3982 696 4026 ex
715 3969 852 4027 immensa
872 3983 925 4027 sua
944 3981 1014 4040 erga
1033 3982 1086 4024 nos
1105 3964 1232 4023 bonitate
1253 3969 1283 4022 et
1296 3963 1358 4021 cba-

191 4065 276 4128 ritata
291 4084 327 4128 ex
341 4072 514 4130 testemento
528 4085 631 4142 corpus
646 4075 675 4130 et
689 4074 855 4146 sauguinem
871 4089 953 4132 snum
972 4069 1055 4132 nobis
1075 4070 1106 4128 in
1127 4071 1220 4130 eibum
1235 4068 1357 4141 donarit,

191 4185 224 4230 ac
238 4173 323 4245 paulo
339 4179 404 4250 post
419 4175 480 4234 haec
494 4188 547 4247 pro
562 4172 645 4234 nobis
660 4180 750 4236 semet
765 4179 857 4251 ipsnm
876 4176 1018 4238 mammam
1037 4181 1165 4237 sanctam
1183 4177 1214 4232 in
1229 4191 1282 4234 ara
1297 4189 1356 4232 eru·

190 4277 231 4336 cis
246 4276 309 4338 Deo
324 4279 399 4354 patri
414 4279 560 4353 obtulerit,
585 4283 614 4339 et
632 4279 708 4356 quod
728 4281 757 4340 in
776 4283 942 4342 memoriam
961 4283 1005 4340 sui
1024 4299 1077 4341 nos
1097 4297 1198 4355 panem
1219 4281 1296 4339 hunc
1315 4293 1357 4336 su·

191 4397 269 4442 mere
283 4387 313 4442 et
327 4383 443 4444 culicem
457 4385 555 4446 bibere
566 4385 694 4460 jusserit,
719 4401 775 4459 quo
790 4385 852 4445 haec
866 4390 948 4445 teuta
962 4387 1100 4459 mysteria
1119 4388 1150 4446 iu
1164 4383 1356 4460 penetralibus

1444 1826 1449 1863 l
