2966 4900
756 305 824 372 214

201 501 289 558 mlum
309 494 452 556 tendimus
473 492 581 553 ibidem
601 495 815 567 pernoctantes.
860 488 993 550 Vidimus
1014 485 1109 550 weit
1119 487 1289 550 llmseheleh
1311 487 1363 548 de-

205 617 308 662 cenum
322 599 570 674 bambergensem

203 1019 280 1080 vecti
304 1020 336 1077 in
361 1013 551 1076 Receudort
573 1017 672 1089 premi
697 1032 809 1091 smnus,
840 1016 947 1075 ibidem
968 1017 1151 1076 invenientes
1173 1016 1371 1089 Pinningerum
1467 1049 1468 1062 κ

205 1121 467 1196 Norinbergensem
481 1136 545 1180 eum
559 1135 651 1181 uxore
665 1127 696 1182 et
708 1122 819 1181 libeuis.

293 1226 373 1288 Note
387 1226 424 1287 de
438 1225 544 1286 unuulo
559 1226 701 1286 Friderici
719 1227 867 1301 electoris,
889 1243 974 1300 quem
995 1227 1102 1287 nobilis
1116 1227 1234 1300 quidem
1247 1241 1267 1284 e
1279 1225 1374 1300 pedite

206 1349 259 1409 pro
274 1331 437 1408 quindecim
459 1331 556 1392 eureis
573 1330 696 1391 redemit
715 1348 750 1392 cc
771 1334 926 1393 electorem
945 1349 981 1392 eo
1001 1332 1165 1393 redonavit
1203 1333 1260 1390 Hic
1280 1337 1376 1390 eutem

206 1439 330 1500 uunulus
344 1453 382 1497 ex
405 1437 584 1496 successione
603 1435 773 1496 hereditatis
792 1441 880 1497 trium
902 1439 1059 1498 electorum
1077 1437 1211 1498 Senoniae
1231 1443 1376 1512 gestamen

205 1543 271 1618 luit,
287 1543 397 1602 scilicet
410 1541 563 1615 Friderici,
578 1539 699 1600 Joennis
713 1546 744 1600 et
756 1543 842 1616 huius
855 1542 978 1602 Joennis
992 1543 1144 1622 Friderici,
1168 1544 1218 1616 qui
1232 1540 1320 1600 modo
1333 1555 1376 1598 se·

207 1647 303 1708 cundo
321 1647 406 1720 hujus
426 1645 527 1706 enneli
541 1659 690 1719 possessor
704 1651 758 1705 est.
796 1647 869 1707 Item
883 1653 1015 1708 ceteuom
1028 1648 1173 1722 quendem
1190 1662 1310 1706 aureum
1322 1649 1378 1704 cir·
1468 1659 1469 1662 ¹

208 1753 281 1812 citer
296 1753 468 1825 quingentos
483 1765 587 1810 eureos
597 1750 813 1827 ponderantem,
829 1767 895 1824 quee
910 1751 948 1812 eb
962 1753 1077 1813 Joenue
1087 1751 1270 1812 eWeisbecb
1284 1753 1379 1824 erupto

210 1862 283 1931 eret,
298 1853 352 1914 lilii
366 1855 498 1914 electoris
514 1854 568 1914 sibi
582 1854 777 1915 redemerunt.

298 1959 333 2018 In
351 1955 543 2020 Rattelsdorff
565 1959 658 2034 primo
679 1963 840 2036 occepimus
859 1961 1001 2038 hospitem
1025 1967 1155 2022 nochum
1175 1961 1207 2020 in
1229 1957 1347 2034 coburg
1364 1974 1380 2016 e

208 2065 281 2125 vivis
296 2062 461 2125 exocsshee.

417 2179 472 2230 Ver
487 2177 663 2243 runbedecht,
680 2178 797 2232 heruech
814 2185 961 2250 geprueffet

417 2266 473 2318 Hel
490 2267 638 2318 mincheun
656 2267 704 2318 oili
721 2267 876 2322 betruebett.

301 2377 361 2438 Sub
375 2378 468 2438 noctis
482 2381 613 2438 oetevem
628 2375 792 2454 Coburgem
812 2381 957 2453 venimus,
982 2379 1032 2440 ubi
1049 2387 1237 2456 posteaquem
1259 2395 1383 2456 corpore
1469 2339 1470 2342 Ἴ

211 2482 276 2543 cibo
290 2479 442 2542 refecimus
456 2497 490 2541 ec
505 2484 572 2556 equi
586 2483 679 2542 curati
693 2491 785 2559 erent,
801 2500 901 2544 somno
917 2485 975 2545 diei
989 2483 1108 2544 tedium
1120 2486 1295 2546 levebemus.

300 2587 430 2647 Joemes
447 2585 589 2646 Ernestus
612 2587 743 2647 Senoniae
762 2589 822 2649 dux
842 2595 871 2648 et
890 2587 1032 2664 coburgee
1051 2590 1185 2664 pmoeps
1206 2589 1284 2664 quod
1298 2589 1382 2650 freni

213 2706 266 2752 suo
279 2691 387 2752 Jounni
406 2690 555 2752 Friderico
574 2693 704 2766 proximo
725 2693 802 2754 bello
821 2695 929 2754 euxilio
951 2700 981 2754 et
1000 2711 1096 2754 comes
1115 2692 1217 2769 fuerit,
1241 2711 1383 2755 eceesere

210 2796 363 2857 mulctatus
377 2803 422 2857 est
436 2813 502 2857 erce
511 2797 703 2873 Konigsberg‚
719 2800 778 2857 vini
793 2805 935 2875 proventu
949 2805 980 2860 et
993 2801 1058 2860 eliis
1072 2799 1232 2860 redditibus
1247 2801 1382 2875 superbe

212 2907 243 2962 et
262 2902 373 2977 eliquot
394 2902 513 2977 insuper
534 2902 658 2962 millibus
677 2919 839 2964 cursorum.
877 2904 982 2964 Arcem
1001 2905 1076 2966 hene
1095 2922 1159 2964 cum
1178 2905 1310 2965 omnihus
1326 2906 1383 2966 suis
1469 2887 1471 2904 ‘

211 3006 343 3066 censibus
357 3006 493 3066 Albertus
508 3006 636 3066 merchio
651 3006 836 3069 eculmbech
849 3015 987 3084 tenqucm
1002 3010 1109 3071 donum
1123 3027 1281 3072 esesereum
1294 3018 1383 3072 tenet.

211 3110 318 3171 Facilis
333 3117 378 3171 est
395 3111 471 3169 enim
484 3109 645 3182 benignitas
660 3126 696 3169 ex
710 3128 769 3172 non
784 3118 835 3174 tuo
849 3115 959 3190 lergiri.

301 3213 469 3287 Goburgicis
482 3228 652 3288 persuasum
674 3212 730 3275 luit
742 3216 991 3295 Norinbergenses
1005 3223 1120 3281 interim
1140 3221 1212 3281 illud
1237 3238 1382 3295 nunquam

211 3329 388 3400 recepturos.
412 3319 480 3385 Ate
493 3319 577 3382 nobis
591 3323 706 3382 veriore
718 3323 812 3383 edocti
824 3341 883 3387 non
898 3327 1032 3401 exiguum
1046 3343 1108 3402 prae
1123 3344 1154 3387 se
1164 3326 1293 3387 dolorem
1307 3343 1380 3401 prm

210 3429 352 3494 ferebant.
391 3430 520 3491 Vidimus
539 3425 644 3506 ibidem
664 3429 822 3502 symbolum
837 3430 942 3490 Lszeri
956 3449 974 3492 e
989 3433 1147 3507 Schwendi,
1167 3433 1226 3508 qui,
1242 3432 1320 3505 quod
1336 3449 1382 3492 ec·

212 3545 363 3599 cuseretur
377 3537 548 3614 proditionis
562 3535 846 3611 inVogelsperpium
863 3538 1055 3597 innocentium
1069 3538 1261 3616 apenditiis
1275 3533 1381 3613 placet)

213 3642 407 3716 pretendens,
422 3644 534 3704 scribit:

422 3757 535 3810 Conscia
553 3775 627 3812 mens
644 3760 711 3812 recti
729 3760 805 3811 lemae
823 3756 962 3808 mendacia
979 3757 1054 3809 ridel.

301 3859 395 3920 Erunt
409 3869 504 3924 eutem
519 3870 639 3940 ipsemet
654 3869 715 3942 die,
738 3883 803 3942 quae
819 3867 892 3927 divis
907 3865 997 3926 Petro
1012 3872 1042 3926 et
1055 3867 1147 3928 Paulo
1167 3883 1252 3928 secra
1266 3871 1338 3941 erut,
1354 3872 1382 3926 et

213 3965 402 4044 dobmgienae
418 3971 447 4026 et
461 3967 654 4045 Neumburgae
669 3973 707 4032 ad
722 3973 819 4034 selem
834 3972 980 4032 nundinae.

301 4073 410 4136 Ultima
424 4073 506 4132 Junii
521 4089 539 4134 e
554 4072 687 4150 Goburga
701 4083 837 4136 exeuntes
852 4093 949 4137 arcem
963 4076 1100 4137 nobilium
1116 4073 1152 4136 de
1166 4077 1307 4137 Rosenew
1321 4090 1378 4134 mo-

212 4179 369 4241 nesterium
388 4179 582 4241 Moluchroett
601 4183 808 4252 proetereuntes
831 4183 861 4240 in
875 4181 1050 4243 Newensted
1070 4181 1248 4242 civitatulam
1267 4179 1378 4241 deveni·

217 4299 289 4342 mue.
326 4282 441 4344 Deinde
454 4284 531 4344 inter
545 4283 695 4344 Newstedt
714 4289 745 4343 et
757 4284 926 4347 ludenbach
947 4304 1053 4364 pegum
1067 4287 1098 4346 in
1108 4287 1186 4360 jugis
1201 4287 1288 4359 sylvae
1303 4284 1378 4343 'lhu-

218 4386 336 4461 ringicee
351 4387 487 4449 tebernss
502 4395 532 4450 et
546 4405 627 4451 ceses
641 4389 773 4465 molimus,
787 4389 837 4453 ubi
846 4397 960 4466 sumptu
971 4393 1207 4466 Pineingerorum
1214 4385 1380 4451 moretoin
