3028 4894
754 316 804 384 13·

270 501 382 564 Eadem
397 502 429 560 in
443 498 567 574 hospitio
582 500 765 562 coenavimus.
787 497 860 560 cun
876 496 1045 561 Oclcnieusc
1059 499 1130 560 nihil
1145 501 1193 576 aqi
1208 501 1309 574 potuit.

273 606 428 667 Odomine
442 605 535 682 Deus,
560 607 609 680 qui
624 606 701 668 solus
721 605 851 680 sapiens,
875 605 953 666 solus
973 610 1090 682 potens,
1113 603 1214 682 hange
1237 603 1363 666 furorem

182 713 373 788 unicornium,
394 712 432 772 da
445 710 503 771 fide
518 717 548 770 et
561 709 680 772 ferendo
696 712 791 772 omnia
807 726 944 786 superare
959 727 1011 786 per
1026 712 1045 771 J
1046 727 1126 772 esum
1141 709 1294 786 Christum,
1311 709 1361 771 do·

186 819 294 878 minum
308 819 451 879 nosmuml

274 923 443 984 wilhelmus
464 921 562 996 junior
584 935 678 982 menes
702 921 738 981 de
759 922 953 998 Witgcustciu
975 939 1130 998 persuasus
1153 941 1172 983 a
1194 920 1362 984 Rainhardo

183 1029 286 1089 comite
309 1043 327 1088 a
347 1029 439 1089 Solms
462 1043 493 1086 se
515 1027 610 1100 ipsum
628 1024 769 1100 Augusta
790 1028 821 1086 iu
843 1043 959 1088 naseam
981 1029 1083 1102 mittit,
1107 1029 1237 1090 nesciens
1259 1040 1363 1086 nomen

182 1151 266 1194 suum
280 1135 311 1193 in
324 1135 488 1208 catalogum
503 1147 615 1206 eorum,
637 1147 708 1205 qnos
723 1130 896 1194 rebellantes
915 1132 982 1194 fidei
998 1139 1028 1194 et
1039 1135 1160 1208 justitiae
1176 1149 1228 1208 prc
1243 1132 1361 1193 rebelli·

183 1241 238 1302 bus
254 1239 375 1313 ducunt,
392 1239 576 1314 adscriptum.
763 1307 767 1312 .

272 1345 365 1405 Missa
380 1350 424 1404 est
438 1345 516 1404 basis
531 1344 632 1404 salutis
647 1347 764 1418 nostrae,
781 1343 806 1402 si
819 1344 876 1404 rite
891 1343 1061 1420 celebretur,
1078 1360 1147 1406 nam
1161 1345 1192 1402 in
1207 1358 1243 1403 ea
1257 1341 1361 1416 accipi-

183 1467 246 1512 mus
265 1449 296 1510 id
316 1449 394 1526 quod
417 1449 547 1509 dominus
561 1450 647 1510 Jesus
667 1449 750 1510 nobis
770 1449 916 1523 promisit,
938 1447 1014 1523 quod
1036 1447 1094 1510 fide
1115 1446 1362 1524 apprehendentes

184 1557 271 1618 vitam
285 1556 487 1630 consequimur
507 1555 719 1628 sempiternam.
757 1553 811 1613 His
831 1552 927 1614 verbis
942 1554 990 1615 W.
1008 1551 1039 1614 0.
1064 1552 1132 1614 dum
1147 1551 1263 1627 quidum
1277 1548 1363 1611 aulici

183 1661 300 1720 semidei
313 1676 420 1723 mensae
436 1677 495 1721 suae
511 1661 671 1721 assidentes
687 1660 917 1735 querularentur‚
933 1661 1024 1720 multe
1039 1661 1167 1720 enormia
1181 1657 1317 1718 anostris
1332 1655 1363 1714 in

183 1783 249 1827 suas
263 1769 365 1828 missas
378 1767 496 1841 jactari,
518 1767 745 1842 perstringentes
758 1763 770 1803 ¹
792 1765 950 1826 Martinum
965 1764 1122 1826 Frcchtum
1136 1765 1228 1826 Ulmac
1244 1768 1274 1824 et
1288 1760 1361 1821 alios

181 1873 292 1947 aliquot
309 1874 549 1948 perstringentes,
572 1872 620 1932 ille
642 1871 797 1931 crabrones
819 1873 936 1932 irritare
956 1872 1070 1946 nolens,
1095 1868 1209 1930 offulam
1223 1869 1298 1928 hanc
1312 1865 1361 1926 cb·

104 1977 114 1985 “
178 1978 264 2053 jecit,
288 1994 346 2038 non
360 1983 419 2039 tam
434 1995 491 2052 quc
507 1975 625 2038 Cerberi
639 1976 758 2037 buccam
778 1977 922 2051 impleret,
946 1993 1032 2051 quam
1052 1991 1110 2050 quc
1129 1977 1177 2052 pio
1199 1974 1264 2037 dolo
1284 1971 1362 2032 istud

182 2097 274 2158 genus
287 2083 432 2144 hominum
447 2085 485 2146 ab
501 2083 640 2158 ejusmodi
655 2083 803 2144 cdumuiis
819 2088 962 2144 avocaret.
993 2082 1069 2142 Nam
1082 2098 1146 2142 cum
1160 2082 1185 2141 is
1201 2080 1311 2140 diceret
1325 2077 1361 2138 de

181 2197 263 2252 recto
277 2191 371 2251 missae
385 2208 456 2264 usu,
476 2191 518 2250 illi
534 2189 578 2267 (ut
592 2191 674 2265 parvi
688 2188 758 2265 ipsis
773 2187 807 2248 fit
820 2187 926 2270 pietas)
947 2187 983 2250 ad
999 2189 1056 2248 alia
1071 2202 1217 2248 sermones
1232 2187 1356 2245 vertunt.

272 2296 319 2370 xvj
333 2295 443 2370 Aprilis
456 2295 599 2355 Melchior
619 2293 696 2370 apud
713 2293 933 2354 Atrebatemem
954 2309 1008 2369 pro
1027 2308 1165 2368 responso
1186 2290 1358 2364 sollicitavit,

181 2418 278 2462 comcs
292 2418 406 2476 quoque
422 2401 592 2462 Wilhelmus
608 2399 786 2460 coloniensis
804 2398 959 2474 hospitium
980 2400 1061 2474 petit.
1099 2398 1139 2458 At
1159 2398 1308 2472 episcopus
1324 2410 1360 2455 ex

180 2509 318 2570 hesterna
332 2510 481 2583 potatione
496 2506 620 2568 debilior
634 2507 708 2566 lecto
724 2505 818 2566 adhuc
832 2504 970 2565 haerebat.

272 2613 396 2689 Eadem,
428 2614 563 2687 quoniam
591 2612 652 2672 dies
675 2611 790 2672 termini
816 2614 879 2670 erat
904 2610 935 2668 in
958 2607 1092 2670 mandato
1120 2606 1263 2667 citationis
1292 2621 1357 2670 con·

182 2720 323 2796 scriptus,
348 2719 495 2779 consilium
518 2717 639 2794 petitum
661 2732 679 2776 a
701 2714 815 2775 dominc
840 2713 876 2774 de
899 2713 1029 2789 Nassau,
1060 2711 1195 2787 quidnam
1217 2711 1359 2789 agendum

182 2823 268 2886 foret.
306 2825 336 2885 Is
355 2841 408 2886 nos
426 2823 464 2883 ad
478 2823 610 2884 doctores
624 2818 833 2895 Marquardum
848 2823 877 2879 et
891 2818 990 2878 Hasce
1003 2835 1037 2880 re
1068 2819 1133 2877 'ttit
1173 2817 1212 2878 Ili
1227 2816 1311 2878 ambo
1326 2833 1358 2878 se

182 2929 266 2990 nobis
287 2927 386 2989 fndlcs
409 2929 609 3003 praebuerunt,
635 2927 762 2988 diceutes
786 2926 892 3000 optime
916 2942 934 2984 a
956 2925 1038 2987 uobis
1060 2923 1181 2997 iactum,
1206 2923 1282 2999 quod
1306 2939 1359 2983 nos

182 3034 320 3108 ipsosmet
332 3032 494 3109 Augustam
509 3034 727 3106 contulerimus,
745 3035 775 3090 et
789 3045 921 3106 sperare,
943 3029 973 3089 id
988 3029 1070 3092 nobis
1085 3031 1115 3090 iu
1130 3029 1231 3090 melius
1246 3028 1357 3104 cedere,

184 3142 215 3198 et
229 3155 260 3198 se
277 3137 423 3199 archiduci
437 3144 466 3198 ct
480 3139 591 3198 caeteris
607 3137 778 3198 consiliariis
792 3139 921 3195 nostram
935 3137 1118 3210 praesentiam
1132 3134 1259 3196 indicare
1273 3133 1356 3209 velle,

184 3259 242 3317 quo
263 3247 355 3305 nostri
377 3245 455 3320 apud
478 3243 698 3305 Atrebatensem
722 3258 884 3328 supremum
911 3243 1111 3302 cancellarium
1134 3241 1173 3302 hii
1196 3241 1358 3300 meminisse

183 3348 286 3422 velint,
303 3365 338 3409 ac
352 3349 377 3409 is
392 3348 428 3410 de
444 3349 568 3412 adventu
582 3354 682 3410 nostro
697 3350 803 3408 certior
817 3345 908 3408 fieret.

272 3453 437 3528 Requisitus
459 3459 505 3515 est
521 3469 635 3529 quoque
650 3471 668 3514 a
683 3454 765 3515 nobis
779 3453 882 3514 doctor
897 3449 1016 3512 Carolus
1031 3452 1122 3511 Harst
1136 3451 1275 3511 clivensis
1290 3464 1356 3509 con-

183 3558 323 3635 siliarius,
340 3560 386 3620 coi
400 3560 530 3621 voluutas
545 3557 628 3619 nobis
642 3558 816 3620 inserviendi
831 3574 889 3618 non
905 3554 1009 3630 defuit,
1030 3554 1083 3615 scd
1097 3553 1206 3615 calamo
1222 3557 1358 3614 enecatus
1462 3611 1468 3621 ,

184 3663 270 3726 domo
283 3665 401 3740 prodire
416 3682 474 3724 non
488 3665 590 3738 potuit.
877 3730 879 3734 ¹

227 3836 229 3844 ,
272 3770 414 3845 Magister
425 3769 559 3830 Liberius
571 3768 675 3829 Florus
690 3767 808 3840 syndico
819 3768 988 3843 Argustana
1006 3766 1117 3829 doctori
1128 3766 1248 3828 Nicolao
1263 3765 1357 3826 Maior

183 3873 400 3936 heraclustiui
407 3874 524 3937 Gobleri
534 3875 671 3949 exhibuit,
683 3875 770 3948 quise
779 3873 861 3935 nobis
873 3872 911 3935 ad
924 3873 1019 3935 omnia
1029 3880 1162 3950 paratum
1174 3871 1235 3934 iore
1244 3872 1357 3933 obtulit.

273 3978 414 4042 Doctores
433 3979 565 4056 aiebant,
588 3981 659 4042 nihil
673 3980 794 4057 periculi
813 3977 875 4040 iore
896 3978 971 4054 quod
992 3985 1149 4056 praesentes
1168 3977 1309 4053 adsimus,
1332 3975 1357 4035 si

182 4100 243 4146 non
257 4100 456 4148 accusmemur
470 4105 489 4147 a
502 4087 626 4162 praesule
641 4085 820 4147 coloniense.

273 4191 382 4270 Ductor
391 4192 470 4254 Hase
479 4191 598 4254 Libcric
613 4193 746 4268 injunxit,
762 4196 796 4252 ut
810 4191 849 4254 ad
863 4205 968 4252 nonam
981 4190 1013 4252 in
1026 4190 1090 4251 loco
1106 4187 1217 4251 consilii
1231 4184 1356 4248 adesset.

762 4326 778 4364 41

260 4415 272 4466 i
291 4416 497 4486 perstringentes
516 4429 549 4468 uu
566 4413 658 4484 tilgeu.
694 4413 737 4470 W.
756 4409 785 4467 0.
805 4414 841 4468 ist
859 4413 930 4468 wohl
947 4411 1010 4482 grai
1024 4411 1142 4468 Wohad
