2940 4900
685 305 749 370 ll⁵

117 486 404 548 Volckmariensium
416 487 503 546 misit.
535 486 613 560 Quas
628 485 702 546 idem
721 501 775 560 per
789 484 924 544 Lindiam
939 465 1131 546 Waldecianis
1153 488 1301 548 comitibus

117 592 257 652 exhiberi
268 591 363 666 jussit.
393 591 554 665 Episcopus
573 597 670 651 autem
689 591 725 653 de
739 590 854 651 Eubulo
874 592 930 652 duo
945 598 1117 666 conquestus
1138 599 1190 668 est,
1214 611 1302 653 uuum

118 696 206 773 qnod
226 695 380 756 Galaticus
400 697 530 769 plaustra
549 699 659 772 aliquot
678 698 808 756 materiei
826 695 898 755 ferri
920 714 955 756 ex
976 698 1091 760 mineris
1113 715 1158 758 am
1180 697 1303 758 Teuffela

119 803 204 862 Path
220 803 358 875 avexerit,
383 807 412 862 et
428 802 506 876 quod
520 803 556 862 da
571 803 693 874 homine,
716 803 766 876 qui
780 802 853 875 bigae
869 817 938 863 casu
952 819 1010 863 non
1024 804 1125 878 procul
1144 805 1212 864 iude
1226 821 1302 864 mor-

117 913 195 968 tuus
210 911 265 981 est,
288 907 427 966 uxorcula
441 911 541 966 nostm
555 907 667 980 litteras
689 906 734 983 (ut
751 895 860 966 teneris
879 907 1089 983 episcopalibus
1108 908 1244 968 auriculis
1262 910 1304 970 ui-

120 1011 265 1087 debatur)
285 1013 513 1078 contumaciores
532 1014 740 1086 perscripserit.
775 1011 897 1072 Addidit
916 1018 1059 1087 praetarea
1079 1019 1108 1074 et
1127 1013 1304 1074 coloniensis

119 1118 231 1192 minas,
255 1119 286 1176 ni
301 1117 337 1177 de
351 1118 537 1208 molestandis
557 1119 615 1177 suis
634 1136 652 1178 a
670 1119 777 1178 nostris
795 1119 1042 1193 supersederem,
1066 1135 1097 1178 se
1117 1121 1163 1179 vel
1177 1121 1304 1178 crastino

119 1223 271 1282 tractatus
286 1227 367 1283 tanto
381 1224 481 1285 labere
496 1224 572 1282 inter
586 1239 639 1282 nos
654 1223 767 1284 habitos
780 1207 879 1283 irritos
893 1221 1035 1284 facturum
1047 1228 1077 1283 et
1087 1224 1214 1282 mandati
1227 1225 1304 1282 illins

121 1329 327 1388 executionem
348 1330 515 1402 petiturum.
553 1329 674 1389 Fratres
692 1334 789 1388 tamur
810 1329 902 1388 nostri
924 1328 961 1387 ab
982 1329 1044 1402 ipso
1067 1329 1178 1388 iitterae
1202 1329 1304 1390 Votor-

122 1433 321 1492 mariensibus
342 1434 450 1492 civibus
470 1434 705 1494 transmittendas
728 1435 925 1508 obtinuerunt,
951 1421 1070 1512 quihus,
1092 1439 1125 1492 ut
1146 1432 1303 1506 dicebatur,

122 1539 188 1596 uim
207 1538 324 1596 rusticis
343 1536 450 1598 inferre
472 1538 688 1612 prohibebatur.
725 1539 812 1598 Floro
827 1539 1000 1614 injunctum,
1023 1543 1055 1598 ut
1069 1538 1176 1598 Eubuli
1191 1539 1305 1596 nomine

123 1643 228 1702 comiti
243 1660 261 1702 a
276 1642 391 1702 Nasson
406 1645 604 1717 responderet.

222 1748 294 1808 Post
307 1764 420 1808 coenam
434 1753 501 1808 ante
516 1751 655 1825 palatium
670 1748 792 1809 Caesaris
807 1748 1067 1823 deambulabamus,
1090 1749 1140 1808 ubi
1160 1749 1213 1808 sub
1228 1751 1306 1806 octa·

124 1869 197 1912 vam
215 1853 441 1927 pomeridianam
461 1855 592 1930 magistri
610 1855 743 1913 ordinum
763 1846 876 1928 pedites
895 1853 933 1914 ad
954 1855 1066 1928 vigilias
1088 1847 1180 1914 noctis
1200 1855 1305 1912 consti-

124 1963 258 2018 tuerunt
294 1958 359 2018 Hoc
377 1965 473 2022 antem
495 1959 646 2021 Germanis
665 1966 697 2019 et
715 1959 808 2020 dolori
828 1965 858 2018 at
876 1959 1011 2032 dedecori
1032 1965 1077 2020 est
1098 1961 1205 2032 eterit,
1230 1956 1307 2030 quod

125 2079 196 2122 cum
211 2061 348 2123 Germani
368 2065 481 2139 pedites
501 2067 540 2126 ad
562 2063 778 2124 custodiendum
798 2067 912 2125 amsans
932 2045 1070 2139 palatium
1090 2063 1191 2124 ordina
1213 2067 1304 2122 statu·

127 2174 262 2244 erentar,
286 2185 375 2242 ocyus
389 2171 465 2230 Iberi
481 2186 594 2244 quoquc
609 2172 738 2245 timpano
751 2172 864 2232 incusso
879 2170 918 2228 ad
934 2169 1089 2243 hospitium
1104 2169 1226 2229 loannis
1240 2168 1305 2226 Fri·

6 2363 7 2366 Ἴ
127 2271 224 2332 nerim
239 2275 338 2348 optimi
354 2276 492 2350 principis
506 2277 637 2349 veniunt,
661 2276 768 2335 ibidem
783 2276 916 2335 excubias
931 2281 1060 2348 agentes.

223 2377 347 2438 Domine
370 2379 520 2455 liberator,
550 2381 674 2454 quidus
702 2381 821 2455 captivis
848 2379 1069 2454 indulgentiam,
1099 2377 1255 2454 aliquando
1279 2381 1308 2436 at

129 2484 221 2557 hujus
236 2486 313 2544 servi
327 2489 371 2544 tul
385 2485 415 2544 in
431 2485 536 2544 bonum
550 2492 702 2546 memento.
1270 2568 1282 2575 ¹

224 2591 290 2663 xxvj
313 2591 386 2664 Maji
410 2589 438 2650 d.
462 2590 546 2651 Joau.
568 2591 711 2652 Henricus
732 2588 813 2663 (nam
834 2590 981 2649 Musonius
1006 2590 1070 2650 ravi
1090 2585 1253 2664 laborabat)
1276 2589 1306 2646 in

11 2779 12 2782 Ἴ
131 2693 199 2752 oede
214 2694 345 2754 Mauritii
360 2693 480 2755 eundem
495 2711 579 2769 quem
593 2693 656 2756 heri
677 2695 842 2769 explanavit
860 2700 971 2754 textum
991 2699 1135 2769 repetens,
1159 2693 1308 2753 conciona-

131 2803 182 2858 tus
203 2805 262 2875 est,
287 2817 396 2861 summa
416 2803 566 2876 diligentia
588 2803 772 2874 magistratus
793 2799 1041 2860 reverentiam'oh
1059 2798 1117 2858 Dei
1134 2801 1308 2872 preceptum

133 2903 281 2965 inculcare
303 2914 423 2967 conatus
444 2925 497 2982 per
519 2925 542 2966 s.
563 2909 714 2980 scripturae
737 2907 873 2966 historias
896 2904 1061 2978 ostendens,
1092 2920 1179 2976 quam
1202 2901 1310 2962 referat

134 3009 303 3083 reipublicae
317 3029 455 3085 personas
470 3015 500 3072 iu
520 3013 575 3072 hoc
594 3018 672 3071 statu
691 3013 860 3070 constitutas
881 3025 957 3084 esse,
981 3012 1058 3068 viros
1072 3010 1163 3069 bonos
1178 3010 1310 3068 umentes

135 3112 245 3190 Deum,
269 3117 390 3190 justitia
413 3123 443 3176 et
464 3120 539 3191 aqui
562 3124 691 3177 amantes
714 3122 841 3190 etc.„et
863 3115 940 3188 quod
962 3115 1102 3190 ejusmodi
1120 3127 1310 3188 ,personarum

17 3285 19 3296 ,
136 3221 268 3293 regimen
283 3237 340 3282 non
354 3213 472 3297 parvum
487 3229 524 3282 et·
531 3221 653 3282 subditis
668 3227 698 3282 et
715 3223 802 3282 terris
821 3205 979 3295 proiectum
999 3219 1137 3306 conferat.
1168 3217 1310 3276 Nimirum

18 3333 20 3356 ³
137 3325 216 3396 quod
230 3342 315 3386 verns
330 3326 386 3388 Dei
407 3331 500 3391 cultris
521 3333 551 3386 et
566 3327 686 3400 iustitia
700 3329 787 3401 leges
801 3344 855 3401 per
873 3327 947 3386 tales
966 3327 1044 3385 viros
1064 3328 1268 3384 conserventur
1282 3325 1312 3378 et

137 3431 275 3494 idolatria
289 3449 324 3491 ac
343 3436 435 3493 omnis
453 3440 574 3494 externa
594 3433 737 3506 impietas,
762 3413 947 3505 qnantum'id
962 3429 1025 3489 lieri
1045 3433 1141 3501 queat,
1164 3425 1309 3484 tollantur.

138 3537 293 3596 Adducens
314 3539 345 3596 in
366 3538 451 3614 hujus
474 3539 518 3596 rei
543 3536 658 3596 cudens
683 3537 842 3611 exemplum
863 3534 1036 3610 legislatoris
1059 3532 1177 3604 Moisis,
1201 3529 1311 3587 strenui

139 3642 249 3716 losum,
272 3644 373 3716 optimi
386 3644 456 3702 civis
471 3641 611 3715 Danielis,
634 3642 766 3700 Ezechiae
781 3646 811 3699 et
824 3639 913 3698 Josiae
932 3639 1124 3711 piissimorum
1141 3651 1242 3709 regum
1257 3639 1311 3694 etc.

140 3745 273 3806 Indicans
288 3763 352 3820 quae
367 3748 469 3808 horum
484 3749 586 3822 pietas,
609 3747 767 3806 dexteritas
788 3750 818 3803 et
838 3745 915 3803 zelus
931 3760 1001 3817 erga
1015 3741 1109 3802 Deum
1129 3745 1159 3800 et
1173 3740 1204 3798 in
1217 3744 1312 3798 trans-

142 3865 287 3924 gressores
308 3857 426 3912 austera
447 3853 657 3912 animadversio
680 3850 781 3925 luerit,
805 3851 958 3923 quartem
980 3849 1063 3908 bonis
1086 3848 1139 3906 sub
1161 3846 1207 3904 his
1227 3843 1314 3904 luerit

143 3959 222 4030 quies
237 3965 292 4018 etc.
321 3958 434 4018 Deinde
453 3959 578 4016 omnium
597 3958 699 4016 horum
719 3954 884 4029 antithesin,
908 3971 965 4028 quo
986 3954 1082 4013 album
1098 3955 1182 4034 juxta
1201 3952 1313 4022 nigrum

144 4065 267 4135 positum
280 4066 370 4139 magis
386 4065 568 4136 elucesceret,
592 4062 697 4137 posuit,
722 4077 808 4134 quam
822 4059 988 4120 turbulenta
1007 4058 1103 4117 omnia
1123 4057 1189 4127 sint,
1213 4059 1312 4125 qiuam·

145 4183 199 4240 qua
213 4170 315 4243 optimi
330 4169 437 4241 quique
452 4169 504 4228 sub
519 4167 704 4242 hypocriticis
723 4169 753 4225 et
771 4165 854 4224 malis
873 4164 1048 4248 principibus
1068 4160 1113 4238 (ut
1132 4159 1248 4217 interim
1268 4161 1313 4215 ta-

145 4287 221 4332 ceam
236 4289 349 4334 omnem
362 4275 530 4347 religionem
545 4277 577 4331 ct
589 4287 683 4330 mores
698 4269 804 4345 rectos)
825 4269 878 4329 suh
892 4270 996 4330 talibus
1016 4281 1130 4340 pessum
1145 4267 1220 4322 eant.
1251 4261 1313 4320 Hu-

145 4376 188 4446 ius
210 4378 313 4438 tarium
336 4381 480 4452 principes
503 4377 620 4462 fuerunt
644 4377 712 4436 Saul
735 4374 876 4435 Davidem
900 4387 1088 4446 persequens,
1112 4385 1197 4442 quem
1220 4366 1258 4427 ab
1281 4381 1315 4424 eo

1056 4478 1074 4532 8
1086 4474 1102 4508 *
