2966 4900
169 450 327 510 scribarum
345 465 426 512 more
445 451 563 525 loquar,
585 461 733 522 recessm,
756 463 810 521 per
830 445 919 508 duces
937 447 1088 508 Ioannem
1102 443 1288 504 Fridericum
1304 441 1356 504 den
1454 452 1457 523 ᾗ

170 554 302 615 hIittlern
318 561 349 614 et
361 556 504 615 Ioannem
515 553 700 614 wilhelmum
711 557 746 612 et
756 552 900 611 Ioannem
914 551 1103 611 Friderioum
1115 551 1270 624 juniorem
1280 549 1359 606 Saxo

170 661 227 720 nie
241 661 387 734 priuoipes
407 657 598 718 confirmatas.
636 657 710 715 Item
728 657 842 715 litteras
861 656 1059 717 conventionis
1082 656 1172 714 inter
1189 652 1362 712 Guntherum
1460 650 1461 660 ’

171 766 302 824 comitem
322 771 352 824 et
364 780 477 824 socrum
496 779 533 822 ex
551 767 635 846 parto
653 762 754 820 uxoris
773 767 880 820 nosuoe
901 767 931 821 et
949 759 1093 834 legendas
1116 759 1264 834 praehuit.
1300 757 1364 814 llac

172 873 268 927 autem
287 867 349 927 iere
369 871 432 926 erat
452 881 563 926 summa
582 867 671 924 totius
692 865 817 940 negocii,
840 867 924 925 utin
944 865 1020 924 diem
1033 863 1192 924 Mercurii
1210 862 1364 938 proximam
1468 885 1469 900 π

172 989 267 1034 comes
282 970 447 1030 Guntherus
462 971 558 1030 senior
574 971 653 1031 intra
667 971 768 1030 urbem
781 969 910 1030 Arnstad
923 952 962 1030 ad
976 986 1077 1029 manus
1095 966 1234 1028 nostras'
1244 966 1367 1026 nanee

173 1092 275 1136 norem
290 1076 369 1134 milia
383 1073 559 1136 florenorum
572 1080 602 1135 et
615 1092 668 1136 nos
682 1076 799 1135 nomine
813 1077 912 1136 uxoris
926 1081 1036 1135 nostre
1050 1074 1215 1148 omnihus,
1240 1087 1307 1146 quae
1320 1087 1366 1144 por

171 1185 335 1241 contractus
358 1179 564 1242 Wrmariemea
587 1181 671 1240 annis
694 1180 802 1240 domiui
827 1181 912 1240 1525
938 1184 967 1240 et
990 1179 1032 1239 38
1057 1183 1241 1238 transactos
1266 1191 1365 1234 renum

174 1285 324 1344 oiaremus.

260 1388 371 1450 Eadem
385 1389 555 1465 mnscnptoe
576 1394 643 1448 sunt
656 1390 762 1454 litterae
777 1389 1003 1449 renunciationis
1018 1393 1060 1463 et,
1085 1388 1131 1447 uti
1149 1390 1283 1457 vocant,
1309 1383 1365 1457 qui·

172 1495 342 1568 tantiarum,
358 1495 427 1553 item
442 1494 615 1556 dimissionis
629 1497 766 1553 tutorum.

261 1599 372 1658 Eadem
387 1598 517 1657 dominus
525 1597 661 1657 hibertus
672 1597 723 1656 xix
737 1601 850 1671 partem
863 1597 966 1670 psalm.
980 1601 1041 1658 119
1058 1599 1215 1673 exposuit,
1234 1591 1365 1654 nImirum

174 1704 262 1761 hano:
288 1702 389 1761 Iustus
410 1718 455 1775 es,
476 1702 605 1777 domine,
628 1708 657 1761 et
675 1707 785 1762 rectum
801 1699 941 1774 iudicium
959 1707 1040 1762 tuum
1054 1709 1109 1763 etc.
1151 1701 1272 1762 Docuit
1291 1695 1366 1770 quod

173 1807 266 1865 solum
286 1805 332 1864 dei
351 1805 470 1865 verbum
490 1807 617 1866 exomni
635 1809 719 1879 parte
737 1810 848 1864 rectum
868 1809 920 1881 sit,
942 1811 972 1866 et
987 1823 1050 1881 quae
1070 1809 1109 1867 sit
1124 1806 1256 1880 justitia
1270 1815 1363 1862 coram

173 1909 228 1969 deo
243 1909 350 1967 valens.
374 1908 448 1966 Item
463 1926 549 1982 quam
563 1910 639 1970 serio
654 1899 726 1970 deus
734 1925 788 1969 sua
802 1916 914 1984 praepta
928 1913 1039 1970 servari
1048 1912 1242 1986 praeceperit,
1257 1909 1364 1968 scilicet

175 2013 229 2072 sub
239 2013 402 2088 perditione
414 2013 543 2090 corporis
551 2018 582 2072 et
591 2015 703 2074 animae.
718 2015 791 2073 Item
800 2015 907 2076 dezelo
921 2017 1044 2090 piorum.
1059 2016 1099 2074 Et
1111 2016 1196 2076 hanc
1211 2011 1361 2074 octoadem

175 2133 239 2176 esse
259 2119 501 2190 comparationem
519 2119 602 2192 regni
621 2117 727 2177 Christi
746 2123 776 2177 et
795 2119 904 2179 diaboli
921 2136 976 2194 per
994 2121 1150 2180 antithesin
1172 2117 1358 2179 monstravit

174 2222 248 2280 Item
264 2222 299 2280 de
316 2220 477 2282 differentia
493 2223 571 2282 zelus
590 2228 620 2283 et
638 2223 699 2281 irae.
737 2224 811 2282 Item
830 2224 909 2297 qnod
927 2225 1046 2284 verbum
1067 2223 1177 2286 domini
1200 2219 1355 2286 dilucidmn

174 2340 232 2383 non
256 2325 394 2386 socratica
416 2332 466 2386 eut
485 2327 630 2400 platonica
652 2327 799 2402 doctriua,
823 2329 874 2389 sed
894 2329 1026 2389 doctrina
1044 2331 1145 2390 salutis
1164 2329 1261 2390 nullis
1280 2329 1357 2385 inro-

176 2430 266 2492 lucris
280 2429 410 2504 insipidae
425 2431 557 2491 humente
578 2431 728 2506 sapientiae
746 2432 931 2509 involvenda,
954 2450 1008 2493 nec
1022 2434 1109 2492 aliam
1125 2451 1216 2509 qnam
1238 2429 1354 2492 eandem

176 2539 205 2594 et
216 2540 386 2612 perpetuam
398 2537 524 2596 ecclesie
536 2551 590 2608 per
602 2535 734 2610 spiritum
749 2551 772 2595 s.
787 2536 895 2596 edocte
906 2537 1173 2612 interpretationem
1187 2539 1353 2600 admittere·

174 2640 247 2697 Item
269 2657 355 2713 quam
375 2641 446 2700 utile
466 2646 495 2701 et
509 2640 667 2715 jucundum
682 2643 720 2700 stt
738 2642 794 2702 hoc
812 2643 944 2716 verbum;
969 2643 1107 2703 amuudo
1128 2641 1311 2717 contemptui
1326 2640 1353 2695 et

176 2745 325 2820 perexigui
340 2747 426 2820 pretii
440 2746 614 2822 habeantur,
636 2753 749 2822 tamen,
770 2748 795 2806 si
809 2748 897 2808 verbo
916 2745 1043 2808 fideliter
1062 2748 1243 2823 adhereant,
1266 2761 1302 2806 eo
1323 2757 1352 2800 st

177 2851 357 2910 consolantes
372 2866 406 2909 ao
420 2867 470 2924 spe
485 2852 546 2910 laeti
559 2854 590 2912 in
604 2852 659 2912 deo
673 2853 785 2927 vivunt,
805 2869 859 2911 nec
872 2852 912 2912 oh
924 2855 1115 2914 tentationum
1128 2854 1276 2928 procellas
1290 2863 1349 2908 ser-

175 2971 290 3013 monum
306 2955 412 3014 domini
431 2957 476 3014 sui
490 2956 709 3031 obliviscantur,
729 2953 788 3017 illis
807 2974 865 3017 non
885 2959 1009 3019 humano
1029 2975 1115 3018 sensu
1136 2955 1308 3019 resumenda
1322 2955 1351 3010 oi

176 3057 305 3130 corporis
320 3064 350 3117 et
364 3059 465 3117 animae
481 3060 674 3118 emolumenta
687 3060 754 3119 hino
765 3063 940 3136 contingere.
961 3065 1033 3122 Item
1047 3079 1148 3122 rursus
1162 3061 1199 3120 de
1214 3075 1287 3120 vera
1299 3055 1347 3115 illo

174 3161 300 3235 jnstitia,
317 3177 352 3220 ea
366 3162 487 3237 scilicet,
505 3178 563 3234 qna
577 3178 630 3222 nos
646 3163 715 3222 deus
729 3168 814 3238 pater
828 3183 882 3241 por
895 3168 1082 3234 mediatorem
1097 3167 1243 3226 christum
1254 3167 1347 3240 justos

175 3269 308 3341 reputat,
332 3272 362 3327 et
376 3283 425 3340 ea,
449 3283 506 3340 qua
521 3266 592 3327 dens
602 3269 697 3342 justus
712 3270 819 3347 judex,
842 3273 922 3346 cujus
937 3275 1109 3333 sententiam
1129 3272 1170 3331 nil
1184 3277 1344 3332 creatorum

177 3371 301 3448 effugere
310 3377 415 3450 potest,
422 3379 620 3448 persecutores
628 3374 757 3435 veritatis
767 3380 797 3434 et
804 3377 904 3437 atheon
911 3377 1111 3439 illoshomines
1117 3379 1196 3451 juste
1203 3374 1345 3450 etjunioot

177 3487 207 3540 et
213 3482 305 3555 punit,
313 3465 359 3540 hio
366 3482 509 3541 disseruit.
524 3480 620 3555 Atque
627 3479 674 3538 hin
682 3479 888 3554 digressionem
900 3480 969 3542 iecit
979 3481 1017 3542 ad
1028 3489 1128 3543 nosue
1139 3483 1202 3540 hec
1215 3487 1343 3556 tempora

177 3591 206 3644 et
221 3583 345 3646 (lattosl
364 3588 417 3646 hos
431 3585 582 3661 tyrannos,
603 3587 654 3661 qui
667 3586 786 3648 verbnm
801 3586 907 3645 domini
922 3585 960 3646 ad
974 3603 1055 3648 suam
1070 3587 1204 3648 Lesbiam
1218 3588 1341 3660 regulam

176 3689 272 3759 aptari
289 3688 397 3749 volunt.
434 3692 554 3752 Interim
573 3693 627 3752 sibi
646 3709 709 3752 cum
732 3691 791 3750 suis
810 3691 988 3751 interimistis
1008 3692 1135 3752 homines
1154 3691 1224 3752 helli
1242 3697 1272 3751 et
1287 3689 1341 3750 suis

177 3788 312 3865 operibns
327 3793 399 3865 justi
418 3795 519 3855 haberi
537 3799 664 3870 cupiunt.
702 3798 776 3857 ltem
796 3796 874 3870 quod
898 3797 946 3856 lex
966 3795 1073 3856 domini
1094 3797 1201 3856 venitm
1220 3797 1271 3870 sit,
1292 3807 1340 3853 nos

177 3900 273 3957 autem
288 3900 317 3956 et
331 3898 427 3956 omnia
446 3904 545 3959 nostra
564 3900 749 3962 mendacium.
789 3905 861 3963 Item
876 3919 961 3975 qnam
980 3917 1114 3976 magnum
1129 3902 1243 3975 quidem
1263 3900 1341 3960 sitin

175 4003 240 4077 ipsa
254 4003 415 4062 calamitate
431 4008 460 4062 et
473 4003 606 4077 periculis
620 4013 762 4077 praesente
776 4012 959 4082 persecutore
974 4008 1005 4066 iu
1019 4007 1162 4067 mandatis
1177 4005 1279 4066 divinis
1292 4005 1339 4065 de·

175 4108 278 4168 lectari
293 4115 322 4169 et
336 4126 355 4170 a
369 4110 456 4172 verbo
472 4110 534 4184 eJos
549 4109 666 4169 deviare
686 4112 770 4171 nolle.
809 4114 883 4174 Tum
903 4113 977 4172 euim
996 4129 1060 4172 eam
1077 4127 1241 4172 mansuram
1255 4126 1340 4185 spem,

753 4249 769 4288 a

251 4334 263 4381 1
283 4335 376 4384 catos?
