2940 4900
734 291 798 384 ua

183 475 275 532 minus
290 474 337 534 ille
362 477 486 535 omnium
506 479 588 549 puter
610 473 745 548 dignetur
760 473 884 547 donare,
907 479 941 534 ut
960 475 990 532 in
1005 471 1126 533 domino
1143 487 1209 532 oum
1223 471 1349 532 sollicitu-
1444 513 1457 544 ¹,

183 579 249 639 dine
264 580 445 656 magistratus
459 581 587 655 praesint,
604 578 712 638 subditi
723 577 913 638 obedientiam
925 578 1049 640 debitum
1060 582 1213 653 prestent
1227 576 1264 636 ud
1273 575 1353 636 divini
1446 614 1447 618 =

183 686 227 744 sui
242 685 364 744 nourinis
378 686 516 746 honorem
531 681 560 745 e't
573 685 671 760 populi
686 681 854 757 proiectum.
878 685 981 744 Arnen.
1456 717 1457 756 q

271 791 324 850 Usi
338 807 433 878 snmus
448 796 477 850 et
492 790 520 850 d.
537 790 633 850 Caroli
648 789 775 848 consilio.
813 789 923 848 Eadem
938 789 1007 848 Otto
1022 797 1122 848 eomes
1137 803 1158 846 a
1175 783 1352 857 Schombemq
1456 824 1457 860 ,

183 895 393 971 archipraesulis
416 896 594 955 coloniensis
613 911 764 970 germanus
787 893 878 954 irater
902 895 1051 954 advenisse
1075 893 1248 954 dicebatur.
1286 889 1356 948 hlai-
1456 929 1457 965 ,

182 1000 297 1058 chalcus
318 1000 491 1073 Schomberg
514 1005 543 1058 et
563 1001 727 1060 dominusu
746 1000 894 1073 Zeltingen
914 1015 1018 1074 operes
1033 1015 1102 1059 suas
1133 994 1224 1056 nobis
1246 993 1357 1068 polliciti
1453 1019 1457 1074 ι

182 1111 257 1177 sunt,
274 1103 324 1163 sed
338 1104 463 1163 Nasonis
478 1119 570 1164 more:
600 1104 738 1163 Pollicitis
754 1104 834 1164 diues
848 1104 969 1179 quilibet
983 1121 1045 1166 esse
1060 1082 1176 1179 potest.
1218 1101 1357 1174 Etglaie
1456 1137 1457 1175 ,

183 1214 228 1266 est
241 1208 320 1282 vulpi
334 1209 425 1270 leonis
440 1195 544 1268 mulam
559 1211 681 1283 gratiam
697 1209 779 1268 inire.
1456 1242 1457 1279 ι

271 1312 382 1374 Eadem
397 1312 566 1374 Wilhelmus
585 1330 678 1373 eomes
698 1315 844 1373 aNassau
866 1331 919 1388 per
934 1313 1068 1372 Lindium
1091 1311 1184 1372 nobis
1209 1309 1267 1368 dici
1282 1321 1361 1364 curua
1456 1347 1457 1385 ,

182 1419 240 1492 vit,
271 1420 513 1493 archiepiscopum
537 1419 727 1478 coloniensem
754 1418 791 1478 de
809 1419 906 1477 multis
925 1418 1053 1492 iniuriis,
1078 1417 1190 1491 quibus
1215 1420 1246 1474 et
1260 1415 1320 1486 ipse
1334 1413 1360 1467 et
1456 1451 1457 1489 ,

183 1522 291 1583 subditi
310 1527 355 1584 sui
374 1542 392 1583 c
413 1524 495 1583 nobis
514 1521 609 1582 affecti
628 1527 736 1597 essent,
765 1527 950 1597 conquestum
971 1538 1047 1595 esse,
1072 1529 1101 1582 et
1127 1522 1189 1582 nisi
1212 1519 1359 1578 comitesa
1456 1557 1457 1590 ᾗ

183 1629 325 1688 Waldcck
340 1630 415 1703 apud
429 1645 496 1688 suos
511 1632 660 1703 curarent,
682 1634 715 1688 ut
728 1629 763 1686 iis
778 1629 865 1688 rebus
881 1626 1128 1702 supersedet-etur,
1156 1613 1358 1685 emoniensem

183 1733 230 1793 vel
243 1735 370 1793 crastino
384 1734 458 1793 velle
474 1733 670 1792 executionem
684 1731 813 1792 mandati
828 1737 858 1792 et
868 1734 943 1811 juris
958 1749 977 1792 a
991 1731 1106 1794 Gaescre
1121 1735 1244 1807 petere.
1449 1767 1451 1792 ι

271 1838 380 1896 Eadem
395 1839 531 1898 Nicoleus
546 1839 640 1898 Maior
655 1838 815 1896 licentiatus
837 1853 890 1911 per
909 1837 1075 1897 schedulam
1089 1833 1281 1911 significavit,
1298 1841 1357 1903 que
1449 1813 1451 1868 ἶ

183 1943 347 2002 Bolthasari
361 1958 385 2001 a·
395 1940 559 2016 Gnltlingen
574 1960 625 2002 suo
641 1943 755 2002 nomine
770 1941 974 2015 perscribenda
989 1948 1093 2002 essent.

271 2047 354 2105 Mota
376 2051 420 2105 est
439 2045 543 2107 seditio
562 2048 637 2106 inter
656 2048 803 2108 institores
823 2051 853 2108 et
866 2046 993 2123 pedites,
1018 2037 1070 2107 sed
1083 2055 1141 2107 uno
1159 2052 1192 2107 et
1207 2045 1304 2105 altero
1326 2049 1357 2094 ex
1450 2067 1457 2086 «

183 2151 327 2225 peditibus
341 2150 410 2210 laeso
425 2168 472 2211 res
487 2169 553 2212 mox
568 2153 717 2227 consopita
733 2156 785 2212 est.
1456 2211 1457 2217 ,

271 2255 380 2316 Eodem
397 2256 517 2318 Carolus
532 2275 551 2318 a
566 2257 708 2333 stockem,
724 2257 841 2320 comites
855 2257 982 2320 ioannes
997 2263 1027 2318 et
1038 2257 1170 2318 Eubulus
1187 2253 1299 2315 fratres
1312 2257 1357 2306 rus

183 2362 303 2436 petiere.
1450 2385 1452 2392 s

273 2467 496 2544 christophorus
516 2468 574 2527 dux
595 2468 812 2542 aWirtenberg
834 2470 943 2542 equites
963 2467 1073 2542 aliquot
1092 2466 1231 2540 Augusta
1246 2461 1356 2530 ablege-
1451 2459 1452 2493 ³

183 2572 238 2646 ¹vit,
250 2589 307 2646 quo
322 2575 405 2636 nobis
420 2574 531 2632 caeteris
545 2573 591 2632 hic
605 2589 714 2634 moram
729 2574 917 2647 nectentibus,
933 2577 966 2636 ut
980 2573 1035 2633 dici
1050 2573 1131 2646 solet,
1148 2572 1258 2631 solatio
1275 2567 1355 2626 essct·

184 2677 238 2749 Qui
252 2679 385 2755 respicis,
409 2678 503 2753 Dens,
527 2695 640 2738 causam
655 2675 753 2740 afflicti
769 2684 799 2740 et
812 2679 920 2756 inopis,
942 2691 979 2736 ue
994 2683 1108 2739 tuorum
1123 2673 1307 2738 obliviscaris
1328 2666 1356 2724 5¹¹
1449 2685 1454 2713 ·'

183 2779 285 2843 finem!

271 2889 306 2946 In
320 2889 466 2948 mansione
482 2889 570 2961 viglii
585 2889 742 2949 Zweichem
757 2889 862 2964 parieti
877 2887 1033 2961 ascriptum
1046 2888 1180 2962 legimus:
1196 2886 1277 2948 Ilien
1291 2889 1354 2937 11¹0ss

185 2991 281 3064 espoir
296 2995 326 3050 et
340 2990 462 3052 confort.

271 3095 337 3155 Jam
356 3097 437 3169 quasi
453 3091 509 3172 ¹per
532 3096 682 3156 continuos
704 3095 815 3172 aliquot
837 3098 898 3158 dies
920 3097 1065 3172 principes
1086 3097 1208 3156 coucilia
1221 3095 1353 3164 frequen·

183 3202 294 3260 tarum!

272 3322 329 3365 xxv
350 3306 423 3381 Maji
443 3306 572 3364 dominus
590 3306 717 3366 loannes
739 3288 880 3367 Hernicus
899 3309 963 3368 loco
985 3311 1015 3367 et
1036 3309 1107 3369 hora
1126 3308 1271 3366 consuetis
1291 3307 1350 3360 tex·
1454 3381 1455 3394 χ

183 3416 244 3471 tum
258 3412 386 3489 epistolae
401 3412 485 3471 Pauli
499 3410 538 3470 od
551 3411 696 3470 Romam
712 3429 749 3471 ex
763 3428 824 3488 cap.
845 3415 882 3473 13
904 3416 1071 3488 prosecutus
1090 3417 1146 3470 est:
1167 3413 1242 3485 «Qui
1257 3412 1349 3470 autem
1454 3397 1455 3414 ³

183 3521 259 3593 patri
274 3520 444 3594 restiterint,
469 3519 523 3579 sibi
541 3517 612 3592 ipsis
629 3517 767 3592 judicium
788 3519 937 3593 accipient.
968 3518 1043 3577 Num
1062 3517 1205 3591 principes
1221 3532 1279 3575 uon
1293 3516 1349 3568 ter·
1454 3593 1455 3601 ἵ

184 3624 244 3681 rori
258 3629 325 3682 sunt
339 3626 412 3683 bene
426 3625 586 3698 egentibus,
610 3623 662 3684 sed
676 3625 759 3684 male.
791 3625 842 3683 Vis
860 3628 955 3682 eutem
975 3638 1031 3681 non
1045 3623 1147 3681 timere
1161 3609 1348 3695 potestatem?

185 3724 267 3796 Quod
280 3725 386 3785 bonum
402 3733 445 3786 est
458 3727 555 3802 facito,
572 3735 601 3788 et
615 3726 689 3788 feres
707 3729 821 3788 leudem
842 3728 878 3787 ab
897 3728 956 3787 illa.
987 3727 1041 3786 Dei
1062 3729 1137 3787 enim
1156 3727 1286 3786 minister
1301 3715 1350 3778 libi

184 3828 214 3886 in
228 3828 342 3886 boumn.
374 3830 457 3900 Quod
471 3834 496 3888 si
510 3831 612 3891 leceris
627 3834 658 3894 id
673 3834 751 3906 quod
765 3833 870 3894 iudum
888 3837 941 3908 est,
963 3833 1042 3894 time.
1073 3833 1139 3892 Non
1155 3834 1230 3892 enim
1244 3829 1348 3890 frustra

184 3931 310 4007 gladium
325 3938 426 4008 gestat.
458 3935 532 3992 Nem
547 3936 603 3994 Dei
618 3923 747 3997 minister
762 3944 814 4011 est,
839 3939 914 3998 ultor
929 3938 967 3997 ed
986 3938 1058 3998 iram
1074 3938 1100 3997 ei
1120 3937 1177 4011 qui,
1200 3935 1276 4010 quod
1289 3943 1346 3991 me·

183 4039 242 4097 lum
258 4045 310 4114 est,
333 4037 442 4098 fecerit.
474 4039 656 4112 Quapropter
676 4047 789 4114 oportet
809 4059 871 4102 esse
886 4043 1023 4118 subditos,
1045 4059 1103 4102 non
1123 4043 1214 4102 solnm
1233 4041 1347 4116 propter

184 4147 271 4220 iram,
294 4145 500 4207 verumetiam
522 4148 642 4218 propter
664 4147 896 4206 conscientium«
935 4147 1018 4207 Fecit
1037 4152 1133 4207 summ
1153 4149 1269 4206 brevem
1288 4135 1347 4202 heri

184 4249 324 4308 dictorum
344 4250 618 4323 recapitulationem.
655 4249 766 4310 Deinde
787 4250 822 4312 de
842 4253 965 4314 utilitate
985 4253 1151 4328 potestatis,
1175 4251 1345 4325 potissimum

184 4369 247 4412 cnm
262 4356 300 4414 sit
319 4355 462 4416 ordinatio
480 4354 536 4416 Dei
555 4357 630 4416 bona
651 4354 734 4416 nobis
753 4357 783 4415 in
802 4357 917 4418 bouum.
955 4357 1035 4420 Deus
1050 4359 1134 4431 enim,
1153 4358 1260 4432 inquit,
1282 4347 1346 4414 nihil
