2940 4900
667 286 729 356 tcl

91 469 169 530 trina
184 469 274 544 viget
288 476 323 530 et
338 468 449 533 fructus
465 484 565 531 eorum
584 469 615 528 in
635 469 750 528 climata
769 467 847 527 orbis
862 472 1008 528 terrarum
1025 469 1160 530 unirema
1174 470 1280 546 permi-

90 579 171 634 nant
203 575 249 635 Et
260 581 303 656 ut
318 575 394 634 Eliae
408 550 544 649 tempore
561 573 631 634 deus
651 573 707 634 sibi
726 573 821 634 adbuc
839 575 1001 636 reservavit
1020 579 1129 649 septem
1147 576 1237 634 millia
1250 577 1282 636 in

89 679 192 754 Israel,
211 680 266 754 qui
282 697 384 755 genua
398 695 496 740 coram
509 679 583 739 Bael
601 675 829 754 conticuerant,
850 681 892 738 ita
915 685 945 738 ct
959 679 1013 740 hac
1028 686 1114 740 aetate
1128 681 1205 742 bona
1226 698 1279 741 nos

90 798 156 854 spes
171 791 282 846 munet
301 782 314 820 ¹
332 787 444 859 aliquos
459 784 552 844 adbuc
575 779 725 872 superesse
740 785 920 868 christianos.
958 785 1085 847 Necesse
1099 791 1144 846 est
1158 786 1233 846 enim
1250 793 1283 847 ut

91 904 154 948 cum
170 887 319 950 cbristus
335 892 455 966 venerit,
471 891 597 964 aliquam
611 890 705 950 adhuc
718 887 805 949 fidem
820 891 961 963 reliquam
975 889 1111 950 futurum.
1136 890 1190 962 Qui
1205 891 1280 950 enim

91 990 175 1053 fieret
189 995 329 1056 Paulum
344 980 452 1056 dicere:
475 997 537 1054 Nos
558 996 608 1068 qui
621 995 726 1070 reliqui
741 995 856 1069 erimus,
871 1013 931 1056 non
945 999 1151 1071 preveniemus
1167 1013 1217 1056 eos
1232 999 1282 1072 qui
1312 1047 1328 1058 ..

92 1097 260 1176 dormiunt,
289 1101 348 1161 sed
361 1102 468 1160 mortui
482 1100 710 1175 suscitabuntur,
726 1117 779 1160 nos
794 1116 864 1159 vero
879 1101 1091 1162 immutabimur
1106 1108 1214 1161 etcum
1229 1101 1279 1162 do·

91 1204 168 1263 mino
184 1207 348 1280 rapiemur
362 1208 393 1266 in
407 1224 477 1266 aera
491 1213 544 1268 etc.
583 1203 656 1264 Item
671 1205 801 1266 Christus
817 1206 899 1265 dicit:
917 1205 975 1266 Ubi
991 1207 1048 1264 dno
1063 1214 1149 1266 erunt
1162 1207 1192 1266 in
1208 1223 1279 1282 agro

93 1325 160 1382 uua,
177 1327 259 1370 unus
277 1317 444 1372 assumatur
459 1285 489 1371 et
502 1306 577 1374 alter
591 1312 770 1386 relinquetur
785 1317 838 1370 etc.
869 1311 997 1370 Locutus
1013 1316 1057 1370 est
1071 1317 1167 1371 autem
1182 1311 1219 1370 do
1233 1312 1279 1370 bis

93 1413 179 1498 rebus
196 1421 229 1476 et
245 1417 308 1476 hoc
323 1414 418 1476 stacta
433 1416 592 1490 apostolico
608 1422 637 1478 et
651 1415 795 1493 quomodo
814 1421 961 1491 utcunque
981 1416 1164 1478 sevientibus
1178 1420 1279 1488 tyran-

95 1519 137 1576 nis
153 1520 250 1580 deleri
267 1538 333 1582 non
347 1528 462 1596 queant.
500 1523 546 1584 Ea
564 1523 681 1596 spiritus
701 1523 796 1596 mutia
818 1527 851 1581 ut
864 1523 920 1594 piis
935 1521 1024 1580 corda
1037 1537 1099 1595 prae
1113 1521 1278 1596 latitia'ge-
1359 1575 1361 1580 .

95 1623 163 1682 stire
178 1627 248 1686 visa
265 1628 338 1704 sint,
355 1628 391 1687 de
406 1643 440 1686 eo
456 1634 552 1688 autem
567 1628 645 1701 quod
661 1613 791 1688 Christus
813 1629 868 1686 ait:
892 1626 1056 1700 »Quicquid
1070 1627 1211 1700 petieritis
1227 1643 1278 1701 pa·

96 1732 170 1788 trem
185 1731 218 1790 in
234 1733 359 1792 nomine
373 1747 446 1808 meo,
464 1733 544 1792 dabit
558 1733 675 1806 vobis«,
691 1733 733 1792 ait
747 1748 778 1790 se
793 1732 932 1808 proximis
948 1717 1132 1792 concionibus
1148 1734 1217 1792 satis
1234 1749 1280 1792 sn·

97 1847 207 1920 perque
223 1837 372 1896 docuisse.
395 1837 475 1907 'Huc
497 1843 594 1898 autem
609 1838 692 1898 nobis
707 1836 931 1911 respiciendum,
956 1841 988 1896 ut
1006 1839 1037 1896 in
1053 1839 1235 1898 observantia
1250 1844 1280 1898 et

99 1952 244 2000 consensu
269 1943 420 2003 electionis
440 1942 547 2004 Christi
566 1949 785 2019 perseverantes
808 1941 918 2002 animos
940 1949 1054 2004 nostros
1069 1944 1100 2002 in
1114 1943 1279 2018 promissio·

16 2053 17 2100 1
100 2059 150 2103 nes
166 2044 282 2110 Christi
298 2046 418 2122 figamus
433 2053 463 2106 et
475 2064 592 2122 ¹oremus
603 2049 688 2122 juxta
703 2048 879 2108 voluntatem
895 2047 1015 2122 Christi3
1032 2055 1095 2108 tum
1109 2050 1183 2109 euim
1198 2063 1280 2106 nosa

101 2153 184 2220 patre
197 2154 355 2214 emuditos
369 2155 420 2228 iri,
438 2170 491 2214 nec
505 2171 577 2229 opus
593 2170 655 2214 esse
669 2154 717 2212 bic
731 2153 882 2213 sollicitum
898 2169 960 2212 esse
976 2153 1012 2213 de
1027 2155 1208 2214 invocatione
1223 2154 1277 2212 ali-

16 2263 18 2314 ἔ
104 2270 183 2316 crum
196 2265 400 2334 patronorum,
417 2266 467 2319 aut
482 2259 518 2318 de
532 2259 589 2317 bec
602 2275 635 2319 re
649 2241 796 2332 disputare
819 2275 853 2318 ao
869 2274 969 2317 eorum
985 2258 1114 2317 oratione
1128 2273 1183 2332 per
1199 2257 1280 2318 Chri·

16 2415 17 2446 3
104 2366 176 2422 stum
191 2364 280 2424 nobis
295 2365 464 2440 praescripta
474 2365 538 2424 luce
550 2364 655 2424 clarius
665 2365 783 2440 liqueat,
799 2365 837 2424 ad
853 2379 937 2435 quem
952 2379 1036 2423 orare
1052 2363 1165 2436 etquid
1180 2370 1279 2438 petere

16 2451 17 2462 ²
107 2464 272 2530 debeamus.
311 2469 657 2544 ldemdominus,1·exet
676 2468 816 2528 liberator
838 2473 937 2528 noster
952 2469 1037 2528 lesus
1054 2467 1184 2526 Christus
1200 2483 1280 2527 mens

106 2572 236 2650 atiniago
245 2576 340 2649 patria
349 2575 531 2648 ejusdemque
541 2573 723 2636 filinsunicus
731 2579 760 2634 et
769 2573 898 2648 dilectus
913 2574 971 2649 qni,
984 2589 1047 2632 cum
1053 2575 1175 2647 ipsamet
1182 2573 1219 2632 sit
1230 2589 1279 2631 ve·

106 2675 184 2750 ritas,
202 2685 232 2740 et
247 2696 317 2740 vere
340 2679 411 2739 dixit
424 2678 547 2740 fructum
562 2680 757 2753 apostolorum
772 2694 937 2738 mansurum
952 2684 981 2738 et
1000 2676 1139 2737 hactenus
1154 2675 1279 2736 fructum

107 2785 298 2854 apostolicum
308 2790 524 2859 permanentem
538 2785 763 2858 conservaritis
776 2784 857 2843 nobis
873 2790 903 2844 et
915 2783 1023 2844 aumlio
1033 2789 1062 2842 et
1072 2783 1206 2856 praesidio
1217 2797 1280 2840 csse

109 2887 187 2961 velit,
196 2895 232 2970 ut
242 2889 318 2950 hunc
330 2907 410 2966 purae
422 2890 558 2950 doctrinae
568 2888 691 2949 fructum
700 2889 868 2960 inconcussa
882 2887 940 2948 fide
951 2893 979 2948 et
988 2889 1129 2948 charitate
1137 2903 1227 2962 usque
1242 2888 1281 2947 ad

109 2996 267 3084 erasmum
281 2997 348 3054 vitae
363 2995 482 3077 halitum
496 2996 712 3069 persentiamns,
724 2995 764 3057 nil
775 2995 922 3056 conterriti
936 3001 981 3056 tot
994 3001 1183 3070 tyrannorum
1197 2995 1281 3054 minis

111 3099 139 3152 et
159 3085 408 3173 persecutionibus
430 3116 464 3160 ac
484 3117 520 3159 ne
543 3103 671 3177 priorum
693 3101 840 3162 doctorum
866 3102 1069 3162 traditionibus
1091 3118 1145 3162 nec
1167 3116 1280 3176 quoque

16 3213 18 3276 l
110 3191 310 3266 hereticorum
330 3207 477 3266 erroribus
506 3185 688 3280 sadummnr,
714 3223 771 3280 quo
796 3207 966 3269 adveniente
991 3210 1054 3283 ipso
1077 3207 1197 3268 domino
1217 3221 1281 3266 cum

113 3312 213 3372 ceteris
229 3312 327 3372 electis
345 3313 402 3386 ipsi
416 3311 529 3370 obviam
543 3313 690 3387 rapiamur
704 3312 734 3370 in
749 3327 835 3387 aera,
859 3314 995 3375 cuinunc
1009 3319 1039 3372 et
1059 3313 1089 3372 in
1113 3317 1282 3387 perpetuum
1303 3303 1314 3312 ’

113 3427 173 3473 cum
187 3416 241 3478 deo
256 3423 339 3494 patre
355 3421 385 3476 et
399 3434 421 3476 s.
438 3407 541 3493 spiritu
556 3418 647 3481 omnis
662 3417 700 3476 sit
713 3416 822 3490 honor,
837 3417 900 3478 laus
916 3423 945 3476 et
959 3416 1060 3492 gloria.
1092 3413 1205 3472 Amen.-

196 3522 306 3582 Eadam
325 3524 552 3597 comparavimus
571 3520 654 3583 nobis
672 3523 760 3582 libros
784 3521 855 3580 duos
871 3522 1070 3592 aemgmctum,
1095 3532 1166 3589 quos
1180 3515 1279 3576 Hada-

114 3627 216 3688 mutos
236 3633 266 3687 et
279 3628 435 3704 collegerat
449 3634 479 3688 et
494 3628 619 3688 carmine
633 3625 815 3700 reddiderat,
838 3640 891 3698 pro
912 3621 1022 3683 duobus
1044 3621 1144 3684 battis.
1184 3621 1281 3684 Unum

16 3793 17 3798 ,
114 3723 277 3805 Etzdorffia
293 3733 416 3792 alterum
431 3733 557 3793 samueli
572 3732 673 3807 nepoti
686 3729 761 3789 douo
776 3727 913 3788 dedimus.

197 3835 347 3899 Liborium
369 3838 408 3898 ad
424 3837 554 3912 saidam,
580 3836 778 3910 llilcblingum
798 3835 837 3896 ad
851 3833 1031 3896 Luderitium
1057 3836 1198 3910 misimus,
1229 3833 1281 3894 sed

116 3939 193 4002 ambo
209 3941 293 4002 domo
307 3923 469 4015 abfuerant.
509 3941 623 4004 Samuel
642 3957 733 4016 nepos
755 3941 834 4015 apud
848 3940 1017 4004 Anauonem
1032 3957 1096 4001 cnm
1111 3938 1282 4014 quibusdam

117 4041 494 4112 doctoribnscoenatusest.
895 4063 897 4067 ·
1173 4047 1175 4054 “

197 4150 333 4216 Liberius
347 4153 470 4237 luxuriei
479 4134 545 4214 ‘sua
559 4153 666 4214 illicite
680 4107 887 4228 heteroolytudr
902 4163 1016 4227 quoque
1031 4153 1118 4222 caput
1131 4145 1252 4206 addidit.

686 4274 702 4309 *

1029 4449 1066 4505 11
