2940 4900
743 285 806 350 lta

180 475 210 532 in
226 471 370 532 Christum
385 469 543 528 finxerunt:
569 467 689 526 Seduxit
710 467 846 540 populum
873 467 977 525 doeens
1003 482 1020 525 a
1041 465 1162 525 Gahlaea
1184 465 1344 538 usquehuc.

179 578 252 636 Item
266 579 454 635 commentum
470 573 505 632 de
521 572 715 632 destructione
730 570 829 644 templi
845 576 874 630 et
892 569 951 628 alia
971 571 1123 630 innumera·
1138 570 1348 628 mendaciorum

181 686 210 741 et
224 681 373 740 arithinum
389 685 443 739 ete.
484 679 556 738 Item
571 681 604 734 ιιι
619 677 719 736 eadem
734 680 801 734 ante
818 674 962 734 Christum
977 673 1125 748 prophetis
1140 675 1276 748 pat-ribus
1290 689 1348 732 eue-

180 786 284 844 nerint.
322 783 450 842 Adduxit
465 797 578 854 quoque
593 781 687 839 locum
702 780 873 840 Tertulliani
888 780 1037 852 martyris,
1060 796 1117 853 qno
1132 778 1276 850 refertur,
1293 780 1349 850 qui·

179 890 233 950 bus
248 889 381 950 conviciis
396 887 543 945 christiani
558 901 575 942 a
590 883 723 958 gentibus
738 883 832 947 allecti
847 886 904 942 sint
925 900 959 942 aa
974 901 1058 956 quam
1075 883 1223 957 probrose
1236 882 1291 940 ilha
1306 898 1350 940 no

179 995 257 1053 mina
275 991 444 1064 indiderint,
472 989 580 1048 scilicet
600 995 805 1050 convocantes
826 990 974 1063 scelestae,
1002 991 1199 1060 incestuosos,
1225 1003 1259 1046 eo
1283 985 1352 1058 qnod

180 1098 370 1157 mentirentur
395 1094 579 1167 christianos,
610 1095 660 1167 qui
688 1094 813 1154 interdiu
840 1091 1096 1166 ob‘perseoutores
1116 1093 1275 1154 convenire
1300 1105 1352 1148 non

180 1206 307 1275 possent,
324 1205 411 1258 noctu
426 1198 463 1258 ad
477 1197 610 1256 lucernas
625 1205 823 1272 congregatos,
844 1199 945 1258 catulis
962 1195 1063 1256 offulas
1078 1199 1220 1272 objicere,
1237 1196 1287 1269 qni
1300 1194 1351 1252 dis-

181 1310 331 1363 currentes
347 1302 520 1364 caudelabra
536 1308 565 1360 et
579 1303 686 1360 lumina
701 1303 859 1375 dejicerent
867 1309 896 1362 et
906 1301 1039 1375 lampada
1054 1301 1190 1362 ardentia
1207 1303 1349 1372 extingue

179 1414 261 1483 rent,
281 1414 311 1468 et
331 1415 392 1467 tum
407 1409 578 1466 christianos
598 1407 722 1465 incestos
744 1409 835 1466 coitus
851 1407 956 1474 nullius
971 1408 1173 1478 sanguinitatis
1189 1405 1294 1465 hahita
1307 1419 1350 1460 ra·

181 1515 260 1572 tione
276 1519 305 1570 et
319 1519 525 1586 praeposteram
540 1527 674 1570 uenerem
689 1512 771 1570 inire.
794 1513 868 1570 Item
883 1509 1079 1585 infanticidas,
1101 1515 1135 1568 ut
1155 1511 1209 1583 qni
1224 1511 1256 1568 in
1270 1506 1352 1568 eccle-

181 1616 225 1674 sia
239 1632 291 1674 sua
305 1615 443 1675 infantem
467 1616 599 1675 occidere
620 1613 748 1674 solerent
771 1623 800 1674 et
814 1614 898 1688 hujus
913 1617 1059 1689 sanguinis
1075 1617 1247 1688 aspersione
1263 1629 1294 1672 se
1308 1627 1351 1668 er-

181 1721 303 1794 piarent.
327 1721 398 1778 ltern
414 1720 582 1780 sarmatiaca
597 1718 634 1778 ob
650 1721 732 1794 palos
749 1721 851 1792 quibus
874 1721 1076 1794 alligabantur.
1114 1721 1190 1778 item
1206 1718 1352 1778 semisseos

182 1838 200 1882 a
216 1823 342 1881 semisse.
381 1824 453 1880 Item
469 1824 650 1897 desperatos,
676 1825 725 1896 qui
741 1826 828 1882 vitam
843 1830 872 1883 et
887 1827 982 1884 omnia
998 1812 1192 1884 contemnant.
1235 1824 1313 1881 Sicut
1327 1822 1353 1876 et

181 1933 281 1986 nostm
296 1927 444 1985 aeuonihil
459 1943 516 1985 non
531 1929 738 2001 carnotorum,
763 1929 868 2002 inquit,
890 1930 921 1988 in
943 1945 994 1987 nos
1015 1929 1122 2002 jacitur
1145 1932 1176 1985 et
1198 1924 1351 1997 effingitur.

181 2031 221 2089 Et
234 2036 267 2090 ιιι
282 2029 376 2088 omnia
391 2036 488 2088 cetera
503 2035 687 2105 preteream,
710 2032 808 2092 dieunt
823 2048 874 2091 nos
889 2050 941 2106 pro
964 2033 1134 2106 evangelicis
1150 2049 1205 2090 ror
1221 2033 1349 2098 Evange-

181 2133 269 2192 liaohe
283 2133 431 2207 bellisono,
456 2134 502 2194 die
518 2135 716 2207 evaugelische
731 2137 840 2209 Lehre,
863 2137 908 2196 die
929 2137 1064 2197 hellisc-he
1078 2137 1141 2194 lehr
1156 2140 1212 2194 eta.
1254 2132 1351 2192 Odium

183 2253 252 2298 vero
267 2239 321 2296 hoo
336 2243 365 2295 et
378 2241 540 2312 persecutio
556 2255 590 2298 ac
604 2241 684 2298 verbi
700 2247 879 2312 contemptus
894 2242 1013 2300 utribus
1027 2240 1089 2298 fera
1102 2237 1254 2298 bominum
1269 2248 1347 2308 gene·

182 2342 261 2400 ribus
275 2339 348 2400 finnt
363 2348 392 2401 et
407 2348 587 2416 exequuntur
602 2361 619 2402 a
632 2344 752 2418 Judaeis,
769 2345 889 2404 ethnicis
902 2350 931 2404 et
945 2343 1230 2417 pseudochristianis
1254 2339 1311 2400 Sed
1323 2334 1351 2394 id

182 2447 219 2506 ab
235 2445 307 2518 aliis,
324 2447 388 2506 aliis
404 2446 547 2508 decausis
565 2449 673 2508 aeoliis
688 2449 779 2506 modis
795 2447 837 2506 fit.
860 2449 957 2510 Judoei
967 2451 1041 2508 enim
1050 2449 1192 2508 Christum
1209 2439 1350 2520 persecuti
1440 2445 1441 2450 ’

183 2555 262 2622 sunt,
287 2567 346 2610 non
361 2551 439 2622 quod
453 2552 484 2609 hi
499 2552 589 2612 videri
603 2553 693 2613 velint
708 2554 755 2626 qui
772 2553 915 2612 Christum
935 2553 1092 2626 dominnm,
1116 2569 1200 2624 quem
1216 2553 1261 2610 illi
1276 2549 1348 2608 Mes·

183 2655 254 2712 siam
268 2660 380 2730 vocant,
397 2663 649 2730 persequerentur.
688 2657 782 2716 Erant
797 2659 886 2730 enim,
902 2663 935 2716 ut
948 2657 1002 2716 sihi
1018 2658 1088 2731 ipsis
1103 2655 1288 2726 ridebantur,
1303 2667 1349 2726 po

183 2759 266 2833 pulos
283 2759 400 2832 domini,
415 2759 451 2818 de
466 2777 522 2833 quo
531 2761 639 2820 Dauid:
655 2762 749 2822 Notus
765 2763 853 2822 estin
868 2762 972 2820 iudaea
986 2762 1065 2820 Dens
1081 2765 1110 2820 et
1124 2761 1260 2818 inisrael
1273 2771 1347 2827 mag·

186 2879 254 2919 num
269 2878 375 2920 numen
391 2865 461 2935 ejus.
502 2866 636 2925 Sciebant
658 2866 732 2924 enim
747 2871 884 2938 tanquam
898 2866 944 2938 hi,
961 2867 1010 2938 qui
1023 2865 1167 2925 habebunt
1182 2866 1346 2938 scripturas,

185 2963 263 3035 quod
282 2963 406 3023 christus
421 2965 527 3024 domini
542 2969 598 3025 illis
613 2969 768 3040 promissus
783 2976 858 3044 erat,
882 2985 966 3042 quem
989 2975 1018 3047 et
1033 2975 1186 3044 expectare
1202 2983 1233 3026 se
1249 2965 1348 3041 gloria·

184 3066 298 3126 bantur.
335 3067 418 3126 Adde
440 3069 516 3140 quod
540 3070 615 3128 solos
636 3087 667 3130 se
682 3072 774 3130 videri
788 3074 936 3148 uolebant,
953 3076 1121 3147 quinamen
1135 3073 1243 3133 domiui
1258 3065 1348 3143 magni

184 3169 321 3244 lacerent,
339 3187 392 3228 nec
407 3173 625 3244 praetendebant
646 3174 722 3248 quod
738 3175 880 3236 Christum
897 3193 932 3236 ec
948 3177 1110 3238 interdicere
1125 3180 1219 3238 animo
1234 3177 1292 3236 illis
1306 3188 1346 3232 se·

184 3275 276 3348 deret,
292 3276 370 3350 quod
384 3277 523 3350 magistra
542 3280 663 3338 veritate
683 3296 780 3339 eorum
795 3283 882 3340 vitam
897 3283 1069 3357 corriperet,
1093 3281 1144 3342 sed
1160 3283 1227 3354 quia
1245 3281 1283 3357 (si
1297 3277 1347 3336 diis

184 3380 291 3458 placet)
312 3399 343 3443 se
356 3382 493 3442 christum
509 3383 616 3444 domini
630 3385 809 3460 mentiretur,
839 3388 939 3445 caesari
953 3387 1083 3446 homiues
1097 3387 1294 3459 immorigeros
1307 3380 1346 3440 ia·

183 3503 249 3548 cere
264 3495 416 3550 conaretur
432 3494 461 3548 et
475 3489 611 3563 quiequid
625 3489 655 3548 id
670 3494 727 3564 est,
751 3507 787 3550 ex
801 3506 857 3564 quo
874 3490 932 3550 odii
946 3492 991 3550 sui
1012 3492 1159 3564 perizonia
1174 3491 1345 3563 quaerebant.

184 3592 310 3651 Maxime
330 3576 433 3654 sumiti
448 3595 525 3666 quod
549 3595 708 3662 doctrinam
733 3595 934 3655 traditionibus
954 3601 983 3655 et
1003 3591 1144 3656 uonlmuni
1162 3597 1227 3654 usui
1246 3607 1346 3667 repug-

185 3697 301 3750 nantem
315 3695 439 3754 doceret
478 3699 532 3756 Hie
549 3716 662 3773 quoque
677 3701 808 3760 nonnihil
822 3699 857 3759 de
872 3699 1046 3760 mimorum
1061 3701 1129 3760 olim
1143 3702 1174 3757 in
1188 3716 1256 3760 uere
1272 3696 1347 3758 Chri·

185 3793 292 3853 stianos
305 3800 518 3873 perseeutione,
541 3805 591 3874 qui
610 3808 639 3862 et
658 3805 713 3876 ipsi
727 3806 785 3862 alio
799 3809 942 3877 praetextu
961 3807 1106 3878 prosecuti
1120 3804 1245 3879 fuerant,
1262 3803 1345 3862 disse·

184 3901 243 3959 ruit
257 3897 349 3976 (Lege
364 3899 536 3976 Eusebium,
553 3906 772 3966 ecclesiasticam
786 3910 935 3969 historiam
949 3911 1140 3984 tripartitam,
1156 3912 1225 3968 item
1240 3907 1343 3968 Hilari-

185 4021 233 4062 um
248 4004 284 4064 de
299 4005 498 4078 perseeutione
512 4005 641 4082 Africa).
679 4011 794 4071 Ethniei
808 4029 876 4073 vero
891 4015 937 4073 vel
951 4015 1074 4088 gentiles
1088 4014 1265 4074 Christianos
1281 4029 1343 4085 sup·

184 4108 277 4182 pliciis
292 4108 462 4186 alliciebant,
486 4111 557 4170 nihil
572 4120 715 4173 morantes
730 4131 851 4177 verusne
866 4135 904 4178 an
918 4118 1152 4193 pseudochristus
1167 4124 1251 4191 esset,
1268 4131 1347 4194 quern

185 4213 307 4286 apostoli
329 4217 541 4276 annunciabant
560 4223 590 4277 et
608 4220 697 4278 aeteri
719 4219 823 4280 Christi
843 4221 944 4283 fideles
964 4221 1185 4283 confitebantur.
1222 4224 1261 4281 Hi
1276 4221 1346 4280 emm

184 4329 237 4375 neo
250 4315 339 4378 libros
353 4321 435 4396 legis,
456 4337 510 4382 nec
524 4325 680 4396 scripturas
695 4341 792 4386 sacras
812 4330 862 4386 aut
876 4327 1033 4402 prophetas
1048 4328 1199 4389 veritatem
1212 4326 1344 4388 auuunai-
