2966 4900
769 311 836 378 204

307 497 450 558 loannem
472 495 554 558 uobis
574 512 594 556 o
617 494 738 571 pedibus
760 493 919 557 Schoustnd
942 500 1008 571 post
1028 497 1154 567 tergum
1168 489 1296 564 reliquit,
1311 487 1389 560 quiet
1448 501 1465 540 u

220 602 284 677 ipse
298 601 411 662 litterae
426 616 443 661 ι
458 603 553 677 patria
568 605 668 662 nostra
682 598 785 662 adfert.
817 599 888 660 Anii
899 601 952 662 der
965 600 1070 662 Donau
1088 615 1131 657 zu
1148 594 1259 658 Werdt
1278 592 1390 652 llatuir
1451 605 1465 644 'l

219 706 290 768 Gott
303 713 372 782 gnte
387 712 511 767 autwort
524 705 666 767 boechout.
879 762 882 773 ,
1464 711 1465 747 l

308 829 364 874 xxv
384 811 464 872 Junii
479 810 597 872 Werda
616 813 692 872 intra
713 811 843 886 ιιιίιιιιιι
865 815 894 870 ιι
921 816 1032 870 sermm
1056 810 1151 869 boras
1177 805 1258 864 idem
1281 802 1328 876 qni
1343 801 1394 860 beri
1464 817 1465 820 ¹

219 924 287 978 anta
301 917 448 976 meridiem
464 916 694 990 concionabatur,
712 933 748 975 ex
762 933 823 990 cap.
842 919 861 975 6
877 917 964 976 Luca
980 917 1042 974 bac
1056 913 1155 975 uerba
1170 911 1262 984 legit:
1279 909 1393 967 »Verum
1464 939 1465 942 =

177 1002 186 1010 ⁹
219 1026 324 1096 ιιιιιιιι,
341 1022 392 1081 vn
408 1020 488 1081 nobie
504 1020 654 1096 divitibus,
671 1022 719 1096 qui
734 1021 846 1081 habetis
861 1022 1085 1082 consolationem
1100 1022 1257 1090 vescam,
1274 1028 1317 1072 ιιι
1329 1011 1396 1070 uob'n

221 1126 271 1200 qui
284 1126 405 1186 saturati
421 1126 498 1198 estis,
515 1126 744 1199 antecendens,
768 1143 810 1184 ιι
827 1127 921 1201 uobis,
944 1127 994 1200 qui
1008 1125 1111 1184 ridetis
1131 1137 1228 1194 nunc,
1247 1120 1316 1193 quia
1328 1117 1395 1188 luge·

220 1231 288 1293 bitis
303 1235 333 1291 ιι
347 1227 460 1303 debitis,
475 1245 520 1289 ree
535 1230 630 1306 vobis,
647 1247 711 1290 cum
726 1231 908 1293 laudaverint
923 1248 974 1292 vos
990 1247 1087 1292 omnes
1102 1228 1260 1288 homines.
1302 1223 1393 1282 Secum

220 1337 288 1398 dum
307 1337 369 1397 bac
385 1338 460 1396 euim
474 1335 618 1396 iaciebant
632 1337 891 1412 pseudoprophetis
906 1343 1005 1412 patres
1021 1353 1143 1396 eornm«
1164 1338 1227 1394 ete.
1255 1330 1347 1400 Scitis,
1362 1327 1397 1382 in·

222 1443 293 1517 quit,
310 1439 451 1518 duplicem
465 1457 547 1500 usum
563 1457 626 1500 ease
640 1457 787 1502 sacrarum
801 1443 973 1516 litterarum,
989 1448 1039 1502 aut
1054 1441 1212 1516 duplicem
1226 1451 1329 1497 earnm
1341 1447 1397 1506 ope

220 1549 370 1610 rationem.
409 1547 523 1607 Primus
546 1553 604 1622 est,
630 1553 662 1606 nt
681 1545 814 1606 iacienda
836 1551 865 1605 et
885 1546 1044 1608 omittenda
1062 1547 1186 1620 doceat,
1216 1545 1341 1603 Roman.
1359 1535 1398 1594 15.

222 1653 305 1712 Alter
320 1657 491 1727 dimanant,
508 1669 525 1712 a
540 1653 641 1726 quibus
657 1615 739 1712 nobis
755 1667 906 1712 caueamus
918 1657 971 1711 ιιι.
994 1651 1039 1712 De
1054 1647 1302 1727 praeoedeutibue
1316 1644 1346 1702 in
1358 1657 1397 1700 ex·

220 1757 363 1832 positione
378 1759 508 1830 proxima
523 1757 683 1831 audivistis,
700 1756 842 1830 quomodo
858 1758 1014 1832 discipulos
1034 1756 1072 1817 ad
1091 1758 1261 1816 instantem
1276 1763 1398 1825 persecu·

221 1863 328 1922 donem
344 1861 476 1922 dominus
496 1863 702 1922 commonuerit
721 1867 751 1921 et
771 1862 976 1922 beatitudinem
996 1865 1070 1923 banc
1084 1860 1280 1938 paupertatis
1300 1871 1356 1914 non
1368 1851 1397 1910 da

221 1981 307 2040 opum
322 1967 459 2040 carentia,
475 1965 524 2025 sed
542 1967 577 2026 de
593 1967 709 2040 spiritus
725 1967 914 2028 submissione
926 1969 1058 2043 intelligi.
1069 1991 1072 1994 ·
1083 1968 1131 2028 Sic
1146 1979 1276 2040 quoquc
1291 1961 1338 2020 bie
1351 1972 1398 2016 non

223 2072 261 2132 de
276 2072 344 2132 solis
360 2070 494 2130 diuitibus
512 2072 597 2145 juxta
616 2089 721 2132 nomen
742 2073 881 2146 loquitur,
904 2072 955 2132 sed
976 2079 1005 2133 et
1026 2074 1062 2132 de
1085 2073 1198 2132 securis
1226 2075 1260 2129 ιι
1275 2061 1395 2140 superbit

222 2177 325 2252 spiritu
340 2182 394 2236 ιιι.
419 2177 476 2237 Sed
492 2176 648 2250 uideamus,
664 2179 766 2251 inquil,
782 2179 843 2236 baec
859 2183 991 2251 quatuor.
1022 2179 1150 2239 Primum
1166 2194 1216 2236 vae
1233 2173 1320 2234 vobis
1335 2165 1395 2228 divi·

221 2281 307 2343 tibus.
331 2282 441 2343 Vocula
456 2299 509 2358 uae,
527 2281 642 2343 evidens
658 2299 850 2343 aerumuarnm
865 2289 894 2343 et
908 2283 1078 2358 perditionis
1093 2281 1287 2342 comminatio
1303 2280 1354 2348 est,
1367 2275 1394 2329 nt

221 2389 329 2462 passim
352 2389 382 2447 in
402 2389 551 2465 scripturis
570 2388 669 2450 videre
690 2390 757 2448 licet
777 2395 830 2448 eto.
871 2390 945 2463 Quia
964 2390 1010 2448 hic
1029 2389 1263 2462 consolationem
1280 2383 1392 2466 vestrm

221 2493 334 2554 habetis
350 2499 404 2554 ιιι.
428 2494 495 2553 Nou
511 2494 586 2568 quod
602 2510 664 2554 esse
680 2493 796 2553 divitem
811 2500 960 2570 peceatum
975 2495 1021 2568 sit,
1045 2510 1109 2576 cum
1123 2494 1207 2552 multi
1223 2484 1391 2569 patriarche

222 2599 378 2673 Abrabam,
394 2601 484 2673 Isaac,
501 2598 577 2659 Hiob
593 2614 645 2660 nec
660 2607 762 2662 nouet
777 2596 853 2657 Loth
877 2600 992 2658 diuitias
1007 2597 1206 2672 possederunt,
1248 2592 1304 2656 sed
1325 2584 1390 2663 qnod

223 2704 326 2766 diuites
341 2706 436 2766 animo
451 2705 521 2765 elati
535 2704 626 2764 solum
641 2719 807 2776 mammonae
831 2685 1010 2765 adherentes
1027 2711 1056 2764 et
1070 2703 1152 2764 donis
1165 2703 1213 2762 dei
1227 2699 1389 2762 abutuntur,

223 2810 360 2886 neglectis
377 2810 464 2870 verbo
488 2811 535 2869 dei
551 2817 580 2870 et
594 2810 777 2886 pauperibus,
801 2815 831 2868 et
852 2825 982 2868 normam
996 2808 1115 2869 Davidis
1125 2828 1140 2883 εἱ
1157 2807 1301 2868 »Divitiae
1315 2802 1338 2859 si
1351 2793 1386 2856 tf·

222 2916 325 2991 fluunt,
340 2916 429 2998 nolite
445 2931 494 2974 cor
509 2931 687 2989 apponere«,
703 2931 760 2974 non
775 2920 944 2988 sequuntur.
975 2916 1051 2974 Nam
1064 2915 1110 2974 bae
1126 2918 1192 2972 suut
1207 2913 1310 2988 spinae,
1327 2917 1388 2979 qnae

224 3020 355 3078 dominus
370 3019 443 3078 dixit
457 3017 595 3077 suffocare
611 3035 716 3093 semen,
733 3036 769 3078 ne
785 3024 931 3080 exoriatur
951 3027 981 3080 ιι
1000 3020 1123 3080 fructum
1137 3017 1222 3078 ierat.
1262 3017 1303 3076 Et
1317 3008 1383 3070 etui-

222 3125 289 3182 liter
312 3123 442 3182 dominns
462 3124 517 3198 ait,
548 3121 659 3182 facilins
686 3139 748 3182 esse
772 3127 911 3184 camelum
936 3125 1142 3200 perforamen
1165 3141 1234 3184 acus
1258 3118 1385 3184 tramite

223 3245 309 3304 quam
324 3227 441 3286 divitem
455 3229 486 3286 in
501 3243 621 3301 regnum
636 3228 774 3287 ooelorum
789 3231 908 3290 inuare.
931 3232 1047 3292 Habent
1061 3214 1156 3292 antem
1172 3232 1277 3292 diuites
1293 3233 1384 3286 aurum

223 3352 305 3397 suum
320 3340 349 3396 ιι
363 3332 517 3395 amicorum
532 3334 741 3394 multitudinem
757 3340 810 3395 etc.
850 3336 1019 3397 Volentibus
1040 3343 1135 3397 antem
1154 3331 1237 3397 nobis
1260 3353 1304 3408 aa,
1329 3341 1385 3404 ιιι

221 3446 252 3504 in
272 3442 410 3505 memoria
432 3442 614 3516 tenebamus,
637 3440 684 3499 hic
703 3442 860 3516 ascribere,
883 3444 962 3502 venit
977 3442 1104 3502 Joannes
1120 3441 1272 3502 Galacteus
1296 3437 1383 3499 diceus

222 3550 299 3624 qnod
314 3567 380 3610 mox
395 3567 413 3609 a
427 3551 564 3610 concione
579 3547 754 3608 Werdenses
769 3546 1017 3608 concionatoribus
1026 3548 1090 3605 suis
1107 3549 1216 3620 gratiam
1231 3547 1343 3620 egerint
1355 3553 1384 3598 ao

206 3655 336 3712 ueniam
351 3652 476 3714 abeundi
492 3655 694 3720 concesserint.
734 3651 757 3712 0
773 3653 856 3712 triste
872 3658 901 3710 et
916 3651 1045 3712 omuibus
1066 3652 1169 3710 seculis
1185 3648 1382 3726 deplorandum

222 3755 369 3816 nunciuml
407 3759 467 3831 Vae,
484 3776 537 3834 vae,
553 3777 596 3819 vae
611 3760 751 3833 omnibus,
768 3759 816 3833 qni
830 3757 932 3817 borum
947 3757 1132 3816 consiliorum
1146 3757 1300 3832 participes
1314 3754 1383 3838 euni,

223 3868 253 3922 ιι
267 3859 372 3920 bonum
386 3861 456 3919 mibi
471 3861 553 3938 duco,
570 3866 648 3938 quod
663 3865 733 3924 deus
754 3868 925 3936 postremam
941 3862 1026 3935 hujus
1045 3863 1100 3920 viri
1113 3863 1277 3922 concionem
1292 3857 1381 3922 andirt

222 3968 343 4044 largitus
359 3965 404 4024 sit.
428 3965 474 4024 En
489 3969 587 4027 vocavi
602 3967 745 4028 hominem
760 3967 798 4027 ad
808 3968 970 4042 prandium.
993 3968 1033 4026 Et
1046 3968 1123 4027 iuter
1137 3968 1310 4040 concionem,
1325 3975 1381 4039 qna

223 4077 305 4135 sexta
319 4069 401 4132 finita
416 4075 487 4144 arat,
512 4074 541 4130 et
556 4069 733 4130 undecimam
746 4071 810 4130 bac
824 4073 1007 4133 intercidunt.
1032 4073 1230 4146 Sperabautur
1245 4079 1338 4132 autem
1350 4067 1380 4127 da

222 4193 310 4239 manu
325 4177 433 4238 domim
447 4176 575 4236 meliora.
598 4175 696 4235 Bonus
710 4175 757 4233 bic
772 4182 801 4233 et
816 4174 925 4252 doctus,
946 4178 1152 4251 quesierimus
1169 4175 1237 4250 qnid
1253 4169 1380 4250 ejusmodi

222 4285 402 4360 praesagiret,
418 4284 494 4343 iuter
509 4280 734 4344 concionandum
750 4280 831 4354 dixit,
847 4279 949 4342 divites
965 4283 1060 4342 omnia
1074 4279 1113 4341 ad
1128 4298 1207 4356 opes,
1231 4282 1378 4355 voluptates

224 4395 254 4450 et
269 4402 372 4448 nomen
386 4388 491 4448 bonum
506 4389 565 4448 riva
580 4403 633 4463 per
646 4385 691 4449 fas
703 4387 764 4446 sire
778 4381 858 4445 nefas
874 4385 1105 4460 consequendum
1120 4384 1251 4447 referunt
1264 4391 1294 4446 ct
1308 4387 1378 4460 siqua
1462 4399 1463 4452 4
