2940 4900
779 277 842 354 lit

223 461 306 523 nobis
321 462 440 536 perinde
455 460 624 522 acAbrsam
637 460 713 537 iecit,
731 463 780 537 qui
795 459 1006 522 sacrificaturus
1019 461 1136 524 domiuo
1147 463 1178 522 in
1191 459 1368 534 monteliorya

223 568 306 627 bono
319 565 410 626 lilium
424 583 506 627 suum
520 567 640 629 adduxit
653 568 683 628 in
697 571 832 642 montem,
856 567 947 638 servis
962 574 992 629 et
1006 568 1122 630 camelis
1138 566 1176 629 ad
1189 566 1291 626 redime
1304 580 1367 624 mou·

223 673 260 732 tis
275 673 391 732 relictis.
430 673 477 734 Sic
491 680 521 736 et
536 691 589 734 nos
609 679 724 750 oportet
747 674 839 735 solum
854 671 999 732 Christum
1013 674 1091 749 putri
1107 677 1251 734 ostentare
1265 675 1290 730 ct
1301 667 1370 728 fidem

224 780 253 837 in
268 777 347 836 illum
361 784 487 860 statuere
503 787 532 838 et
547 782 608 854 ejus
623 779 756 840 charitati
772 779 863 853 inuiti,
885 779 992 852 uostris
1011 777 1261 852 imaginationibus
1276 780 1302 834 et
1313 771 1370 832 fictis

224 885 358 958 operibus
378 885 462 958 longe
482 901 500 944 e
520 889 602 959 tergo
622 885 745 959 relictis,
777 882 1012 959 quemamodum
1032 888 1061 942 et
1081 882 1132 942 hic
1151 881 1179 941 d.
1199 881 1317 942 Joaunes
1330 877 1370 937 ait:

223 989 278 1060 Qui
292 987 361 1047 dicit
376 1004 406 1046 se
421 989 451 1046 in
466 989 529 1047 luce
545 1004 607 1048 esse
622 994 651 1048 et
666 988 787 1050 fratrem
801 1005 884 1048 suum
899 975 968 1062 odit,
985 989 1016 1048 iu
1030 987 1160 1048 tenebris
1175 992 1227 1046 est.
1263 984 1291 1043 Si
1304 983 1371 1054 emm,

222 1093 331 1167 inquit,
354 1093 480 1166 parietes
506 1091 650 1171 coloribus
669 1093 767 1152 illiniri
787 1109 884 1154 curem
907 1098 937 1153 et
956 1092 1063 1154 metris
1077 1089 1242 1154 necessitati
1254 1104 1307 1148 uon
1319 1085 1370 1145 aub-

223 1173 317 1271 senio,
335 1197 460 1258 nondum
474 1199 504 1257 iu
519 1199 592 1270 luce,
609 1198 659 1258 sed
673 1198 708 1257 in'
719 1199 874 1274 ipsissimis¹
883 1198 1009 1268 tenebris
1024 1197 1150 1260 ambulo.
1175 1194 1300 1256 Christus
1313 1190 1372 1248 euim

223 1301 409 1376 adjudicium
422 1304 538 1362 veniens
554 1319 612 1362 uon
627 1303 817 1364 sciscitabitur
832 1321 850 1364 s
864 1321 919 1378 me,
936 1309 1006 1379 quot
1021 1303 1142 1377 collegia
1157 1301 1239 1376 regio
1253 1301 1372 1372 apparatu

223 1407 374 1483 splendido
388 1409 603 1480 construxerim,
620 1413 671 1467 aut
685 1408 847 1482 hujusmodi
861 1408 930 1482 quid
943 1410 1060 1482 egerim,
1076 1423 1180 1468 rerum
1194 1404 1308 1478 inquiet,
1322 1415 1371 1459 esu-

222 1513 278 1572 rivi
298 1518 327 1572 et
348 1513 556 1573 dedistismihi
576 1490 764 1586 manducare,
786 1514 862 1572 sitim
881 1529 982 1588 passus
1002 1529 1080 1587 sum,
1102 1517 1133 1572 et
1148 1515 1246 1585 potum
1259 1507 1322 1566 mihi
1334 1503 1371 1562 de-

224 1617 300 1691 disti,
317 1617 409 1676 nudus
424 1615 464 1676 lui
480 1624 533 1678 etc.
557 1619 598 1679 Et
612 1635 628 1678 e
643 1623 752 1678 contre.
777 1619 846 1690 Quse
861 1623 957 1678 autem
971 1619 1093 1688 sitvsra
1105 1617 1233 1677 charites
1248 1609 1372 1680 exPaulo,

224 1719 352 1781 Corinth.
368 1723 462 1796 capite
481 1725 530 1782 13.
557 1723 597 1783 Et
612 1723 687 1798 quod
703 1721 834 1784 Christus
849 1724 888 1782 ud
902 1724 1025 1784 scribam
1039 1723 1120 1782 illum
1136 1722 1264 1784 immet:
1280 1715 1373 1787 Diliges

223 1820 381 1901 proximum
396 1827 513 1886 sicutte
529 1828 631 1902 ipsum,
652 1827 707 1888 hoc
722 1829 797 1888 enim
812 1833 857 1886 est
870 1822 918 1888 len
932 1833 962 1900 et
976 1827 1153 1888 mandatum.
1166 1883 1169 1896 ,
1193 1827 1233 1885 Et
1245 1826 1371 1898 postremo

222 1930 300 2004 quod
313 1929 420 1990 Melsos
434 1935 524 1992 totam
539 1932 632 2006 legem
647 1933 685 1992 ad
700 1935 829 2008 regulam
844 1932 991 1993 charitatis
1014 1929 1169 1992 inflexerit.
1209 1931 1252 1988 Aa
1264 1923 1333 2001 quod
1344 1921 1373 1982 al

223 2036 298 2095 hanc
312 2036 440 2110 regulam
459 2037 541 2110 quusi
561 2036 599 2095 ad
620 2039 755 2098 amussim
774 2055 873 2100 omnes
888 2039 953 2098 uitae
969 2043 1075 2098 uostrae
1091 2037 1221 2096 actiones
1236 2025 1372 2106 dirisessdae

222 2145 288 2198 sunt
303 2147 356 2201 etc
374 2141 478 2200 docuit.
502 2141 643 2202 Dominus
657 2144 677 2202 J
678 2145 818 2219 esus-qui
832 2131 932 2204 unicus
948 2131 1040 2204 omnis
1054 2144 1174 2218 pietatis
1189 2153 1288 2214 scopus
1301 2147 1373 2208 prom

222 2249 251 2305 et
265 2248 378 2322 puppis,
394 2264 447 2308 nos
462 2248 565 2322 spiritu
578 2264 631 2307 suo
646 2250 721 2310 bono
737 2249 858 2325 diriget,
875 2255 908 2308 nt
928 2265 1027 2310 omncs
1042 2251 1110 2310 vitre
1129 2252 1238 2310 nostre
1253 2241 1373 2320 cogitatu

221 2358 251 2412 et
265 2357 345 2412 actus
360 2354 397 2414 ad
411 2353 540 2430 regulum
554 2355 702 2424 charitatis
721 2356 847 2430 dirigere
867 2371 1005 2429 queamus
1028 2359 1058 2414 et
1072 2372 1129 2430 quo
1144 2355 1307 2428 eulpamem
1318 2357 1372 2418 per·

221 2459 366 2518 veniemus
380 2475 433 2534 per
448 2457 537 2519 filium
553 2465 582 2518 et
597 2461 627 2520 in
641 2461 770 2522 omuibus
785 2462 917 2535 proximo
937 2463 967 2520 in
987 2457 1208 2522 aedifimuonem
1225 2453 1371 2518 seruauit

223 2564 269 2622 cui
285 2565 335 2624 uni
350 2543 483 2639 trinoque
500 2564 553 2626 deo
570 2566 608 2625 sit
622 2565 717 2628 fausta
731 2572 869 2642 potestas.

309 2669 418 2730 Eadem
439 2668 587 2730 illusorum
607 2677 637 2731 et
650 2671 799 2732 Liborium
823 2671 861 2732 ad
883 2688 936 2732 uos
957 2671 1172 2758 ecceresbemus
1197 2663 1371 2728 consultantes

222 2773 258 2833 de
273 2775 477 2847 capitulatione
501 2792 607 2849 susque
628 2777 722 2852 deque
740 2794 773 2838 re
794 2794 937 2854 perpensa
959 2757 1044 2838 unum
1067 2782 1097 2836 et
1112 2776 1234 2837 scudem
1249 2781 1338 2840 eorum
1350 2763 1372 2820 it

221 2867 330 2936 domini
343 2878 458 2938 Nicolni
472 2879 575 2953 Meyer
590 2883 761 2942 sententium
776 2899 838 2942 esse
854 2883 1057 2958 comperimus,
1078 2881 1241 2956 presertim
1261 2869 1330 2948 l1¹⁰d
1342 2862 1371 2926 ad

222 2982 367 3040 uxorcula
382 2984 494 3042 litteras
510 2989 539 3043 et
554 2987 617 3044 euri
632 2988 761 3074 minores,
772 2987 922 3049 attinebat.

308 3081 460 3146 Liborium'
471 3088 510 3146 ud
525 3088 640 3149 Selium
656 3092 815 3151 remisimus
830 3108 894 3171 cum
908 3092 1123 3169 capitulatione,
1139 3092 1164 3150 si
1175 3088 1255 3156 ,forte
1269 3071 1369 3164 tellflissi

220 3188 372 3248 solutionis
387 3193 539 3266 prorogari
554 3199 672 3268 possent
687 3198 717 3253 et
730 3196 883 3272 articulus,
900 3197 978 3271 quod
993 3213 1091 3260 omnes
1106 3197 1232 3272 querelae
1246 3190 1283 3253 ad
1297 3196 1369 3246 wll·

219 3294 455 3362 remreferendae
472 3304 576 3374 essent,
592 3300 726 3374 mitigari.
1073 3362 1075 3365 ,
1223 3347 1225 3356 ,

307 3401 417 3462 Eadem
432 3404 462 3464 iu
477 3404 544 3465 aula.
559 3405 660 3466 domus
676 3413 841 3476 senatorum
851 3407 989 3482 Augustae
1004 3405 1125 3466 vidimus
1141 3405 1286 3468 doctorem
1294 3395 1367 3457 Nico·

218 3507 294 3568 laum
308 3509 371 3569 Eck
385 3527 404 3570 a
418 3510 555 3574 Laudeck
569 3527 731 3588 supremum
747 3510 938 3572 consiliarium
954 3511 1100 3573 Wilhelmi
1114 3511 1290 3596 Bausrorum
1304 3493 1371 3560 ducis

133 3635 137 3644 .
218 3614 360 3687 insignem
374 3615 454 3675 illum
469 3619 560 3676 virum
575 3617 613 3694 (si
627 3618 681 3678 diis
696 3614 812 3692 placet),
829 3617 877 3691 qui
891 3621 1008 3676 strenue
1023 3615 1195 3693 evangelicoe
1210 3606 1318 3674 veritali
1330 3615 1369 3660 11⁸·

198 3776 200 3784 ,
219 3732 274 3788 que
289 3717 320 3774 in
333 3719 408 3789 bunc
425 3720 500 3780 diem
515 3722 629 3795 restitit,
646 3728 678 3782 ut
692 3724 775 3783 testis
789 3728 835 3783 est
849 3724 939 3782 omnis
954 3723 1085 3797 superior
1092 3720 1217 3783 Bouaria
1231 3718 1264 3780 ab
1277 3702 1368 3774 ArnOl·

219 3817 321 3880 dorum
338 3820 437 3881 domus
452 3824 483 3881 in
498 3824 693 3900 Neuenburgo
709 3827 747 3887 ad
762 3825 926 3888 Danubium
940 3825 1068 3888 funditus
1083 3827 1195 3887 excisae.

308 3915 402 3986 ‘ceusu
418 3924 498 3986 dilati
513 3929 600 3989 edicti
615 3919 667 4002 est,
684 3931 760 4004 quod
776 3921 905 3994 civitates
921 3932 1031 4007 aliquot
1044 3938 1146 3994 conus
1161 3929 1296 4008 quosdam
1310 3915 1370 3980 illi·

219 4033 297 4092 culos
313 4031 520 4108 supplicarunt.
793 4110 796 4118 Ι

305 4139 406 4198 Justus
420 4138 582 4200 Kolbecher
597 4139 743 4213 urgendus
765 4121 836 4215 erat,
850 4149 885 4222 ut
899 4141 1006 4203 diuum
1022 4141 1164 4206 oeoonomi
1179 4137 1299 4200 officium
1308 4125 1367 4190 sub

217 4241 281 4314 iret,
297 4242 384 4318 idque
398 4243 439 4304 ml
450 4242 591 4305 ‹liesocto
607 4260 639 4304 se
652 4241 794 4306 lactmum
807 4248 933 4323 recepit.
1077 4291 1081 4300 ,

305 4347 440 4412 Alienus
455 4363 549 4412 comm
564 4327 755 4417 aMausfoldt
767 4351 816 4420 vix
830 4351 940 4422 salvum
954 4351 1124 4416 conductum
1138 4353 1330 4436 musaquetur·
