2966 4900
669 336 735 403 233

106 533 166 592 qua
182 523 288 600 einos
302 517 441 592 nitamur,
462 517 605 591 justitium
624 517 824 578 mandatorum
843 516 889 579 dei
908 535 972 581 esse
990 521 1121 583 stabilem
1142 529 1171 584 et
1184 541 1287 600 perpe·

105 629 199 682 tuam.
242 623 285 683 Et
299 625 340 682 sic
354 621 521 683 emdiamur
535 641 553 683 a
567 623 691 684 domiuo.
728 624 822 684 Erudi
838 640 899 700 nos,
920 641 938 684 o
954 627 1076 703 domine,
1093 634 1123 687 et
1137 629 1167 686 in
1176 629 1289 702 justitia

106 731 158 786 tua
174 731 206 786 et
221 727 315 786 verbo
329 734 380 787 tuo
395 744 447 787 nos
462 743 546 788 serra
559 745 611 802 per
625 730 778 804 ipsummet
792 729 870 802 quod
883 745 937 804 pro
949 731 1032 791 nobis
1044 747 1110 790 carc
1125 730 1231 792 iactum
1245 741 1289 792 cst

106 831 242 906 verbum,
261 832 406 892 dominum
420 838 549 894 noenum
563 835 663 894 Jesum
679 833 837 909 Christum,
854 835 987 895 dilectum
1001 834 1090 896 filium
1105 841 1194 898 tuum.
1233 839 1289 911 Qui

105 941 203 995 tecum
218 938 295 996 vivit
309 942 339 996 et
351 943 454 1012 regnat
473 953 537 998 cum
551 943 651 1000 sancto
670 944 721 999 tuo
741 941 844 1013 spiritu
864 940 935 1001 deus
954 942 1047 1002 trinus
1068 946 1097 1002 et
1111 959 1185 1002 unus
1199 943 1230 1000 in
1245 959 1289 1002 se-

106 1042 182 1102 cula.
208 1041 316 1101 Amen.

199 1147 318 1207 Eadem
339 1147 454 1207 domina
467 1125 560 1206 mater
572 1147 719 1209 uobiscum
734 1150 793 1224 egit
806 1155 839 1210 ut
853 1149 895 1210 illi
910 1151 1053 1225 supellex,
1076 1169 1139 1225 quae
1154 1153 1238 1212 uxori
1253 1169 1289 1212 ex

106 1257 217 1312 testato
235 1253 368 1327 debetur,
384 1253 424 1312 ad
437 1253 527 1328 ipsius
542 1253 630 1312 vitam
645 1254 864 1328 relinqueretur.
903 1254 1036 1326 Quamvis
1051 1257 1208 1328 periculum
1224 1257 1289 1317 sub·

107 1372 172 1417 esse
186 1357 358 1432 videretur,
373 1355 579 1417 honestissimae
593 1363 733 1418 matronae
747 1359 778 1416 in
793 1359 847 1417 boc
861 1359 1063 1417 consensimus.

198 1461 333 1521 Joannes
348 1458 489 1536 Georgius
504 1477 597 1521 comes
613 1461 800 1522 eMaueieldt
813 1479 867 1537 per
879 1463 992 1523 litteras
1007 1467 1037 1520 et
1051 1461 1188 1521 mandata
1202 1463 1288 1522 trium

107 1566 276 1639 principum
290 1563 412 1626 fratrum
433 1581 634 1640 germanorum
654 1567 754 1641 optimi
773 1567 911 1642 principis
925 1568 1045 1628 Joannis
1060 1566 1201 1626 Friderici
1214 1565 1287 1625 filio-

107 1685 172 1728 rum
184 1670 291 1743 Jussus
306 1673 350 1729 est
363 1669 483 1730 tutelam
497 1669 622 1732 filiarum
637 1668 672 1729 de
685 1669 902 1746 Schwartaburg
916 1671 979 1731 loco
993 1669 1092 1732 fratris
1107 1672 1152 1729 sui
1163 1670 1288 1745 Philippi

109 1773 246 1834 defuncti
261 1776 414 1849 suscipere.

198 1879 315 1939 Eadem
336 1879 452 1939 domina
471 1883 565 1939 mater
585 1879 667 1940 nobis
687 1895 798 1940 omnem
813 1879 1017 1958 supellectilem
1032 1880 1179 1940 librariam
1194 1886 1289 1940 osten·

109 1983 165 2057 dit,
187 1999 258 2059 quae
278 1984 324 2043 vel
344 1983 454 2044 doctori
475 1981 606 2043 sufficere
621 1989 726 2057 posset.
765 1984 824 2045 Sed
838 1984 906 2059 quid
922 1986 959 2045 de
978 1983 1154 2060 supellectile
1168 1985 1288 2045 libraria

110 2086 224 2164 dicam,
249 2103 312 2147 cum
327 2087 437 2161 Oaspar
452 2088 554 2148 Sartor
576 2103 634 2148 non
656 2104 749 2163 pauca
767 2090 912 2150 volumina
930 2090 1115 2150 classicorum
1136 2089 1288 2149 authorum

111 2189 147 2248 de
162 2193 255 2253 rebus
269 2189 337 2254 fidei
350 2194 536 2253 mactandum
549 2192 671 2268 babeat,
694 2192 767 2254 adeo
786 2209 840 2254 uec
857 2195 974 2253 omnino
993 2210 1122 2253 amusum
1136 2194 1287 2255 Rudelsta-

113 2294 191 2355 dium
207 2300 263 2356 est.

202 2399 336 2460 Vidimus
359 2401 390 2460 in
417 2401 525 2462 chartis
553 2399 661 2462 affabre
687 2401 807 2476 depictis
834 2399 996 2460 nominibus
1026 2399 1113 2458 etiam
1142 2401 1287 2473 asscriptis

114 2519 213 2564 omnes
230 2521 311 2564 arces
326 2511 356 2565 et
369 2506 559 2581 municiones,
581 2523 653 2582 quas
673 2507 773 2566 rustici
792 2521 866 2565 anno
888 2504 993 2565 domini
1011 2505 1096 2564 roal
1111 2507 1141 2562 et
1158 2505 1241 2562 1525
1257 2506 1287 2564 in

113 2607 243 2669 Francia
257 2611 390 2670 orientali
404 2613 451 2672 rel
465 2612 627 2687 expilarant
640 2611 687 2671 uel
701 2609 923 2685 conflagrarant.

203 2715 332 2789 Apertus
346 2714 394 2774 hic
407 2731 506 2776 rumor
520 2722 566 2777 est
580 2721 610 2776 et
624 2733 701 2776 nunc
715 2715 855 2790 agricolas
870 2713 1008 2775 tumrultus
1023 2714 1108 2772 ciere.

204 2817 234 2877 A
248 2816 365 2880 doctme
379 2819 539 2881 Melohiore
558 2822 596 2881 ab
611 2820 683 2881 Ossa
697 2821 857 2895 accepimus
880 2818 981 2879 ducem
994 2817 1162 2879 Mauritium
1176 2823 1205 2878 et
1220 2831 1286 2876 suas

117 2921 242 2983 ditiones
257 2922 382 2983 noudum
396 2925 515 2985 Interim
529 2926 601 2985 illud
614 2928 688 2986 inire
702 2926 786 2986 velle.

204 3027 234 3087 A
255 3043 339 3088 coena
358 3029 470 3090 chorea
488 3030 582 3090 unce
604 3047 658 3106 per
677 3031 787 3092 nobiles
808 3029 915 3092 aulicos
931 3025 1049 3103 Georgii
1062 3026 1195 3102 Ernesti,
1218 3043 1288 3087 vasa

117 3133 179 3203 pice
196 3137 227 3192 et
244 3134 378 3193 crustulis
396 3134 499 3209 ligneis
518 3133 627 3196 referta
644 3141 825 3198 concremata
844 3139 912 3196 sunt
931 3149 984 3208 pro
1004 3149 1084 3194 more
1099 3133 1285 3207 Francorum,

117 3237 194 3309 quod
216 3253 306 3311 geum
329 3238 498 3298 chorearum
517 3238 582 3313 plus
603 3241 722 3300 insaniae
743 3245 772 3300 et
792 3241 922 3302 sumtus
945 3253 1031 3312 quam
1052 3237 1158 3310 piaculi
1180 3236 1286 3318 babere

117 3340 243 3402 ridetur.

206 3447 255 3507 xiv
268 3446 338 3522 Julij
358 3463 475 3508 asooru
491 3446 617 3522 Georgio
631 3447 756 3506 Ernesto
776 3448 915 3509 avunculo
934 3461 987 3504 suo
1007 3445 1108 3517 mariae
1124 3447 1196 3502 acto
1210 3446 1285 3513 sunt,

119 3554 195 3624 quod
210 3569 280 3627 erga
293 3555 384 3627 ipsam
398 3552 468 3614 boni
481 3555 586 3614 tutoris
601 3551 658 3611 fide
672 3567 741 3611 usus
756 3553 801 3610 sit.
839 3549 952 3609 Deinde
967 3546 1119 3622 prandium
1133 3551 1285 3622 sumptum.

9 3679 10 3686 ¹
119 3655 144 3714 A
157 3656 282 3732 prandio
296 3656 437 3732 Georgius
451 3658 592 3718 Emestus
606 3657 754 3731 princeps,
774 3670 867 3714 comes
882 3658 911 3713 et
925 3651 1055 3714 dominus
1069 3668 1088 3712 a
1102 3652 1285 3728 Henneberg,

9 3753 10 3756 ’
119 3761 218 3821 doctor
231 3761 375 3821 Melchior
389 3762 463 3822 Ossa
475 3777 535 3822 una
553 3777 617 3820 oum
636 3777 727 3821 uxore
741 3765 771 3820 et
784 3758 897 3820 filiabus
917 3757 956 3818 sd
969 3754 1174 3832 protectionem
1188 3776 1219 3820 se
1233 3777 1285 3836 pa-

119 3871 185 3924 rant
198 3865 392 3928 valedicentes
406 3867 500 3927 sorori
515 3867 678 3928 Oadrariuae
691 3872 722 3927 et
735 3865 863 3942 filiabus,
880 3863 1010 3924 Eubulus
1028 3880 1097 3925 vero
1117 3865 1162 3924 his
1177 3867 1215 3926 ad
1230 3865 1286 3924 duo

9 3973 10 3990 ¹
119 3964 178 4030 fare
193 3971 316 4031 miliaria
331 3971 465 4032 ducatum
479 3973 615 4046 prestitit
628 3987 660 4032 se
673 3972 729 4031 illis
741 3969 779 4030 ad
790 3968 885 4029 officie
900 3967 1031 4046 offerens,
1047 3985 1081 4028 sc
1095 3970 1170 4030 bons
1185 3974 1287 4029 cuncta

120 4079 251 4146 precatus
265 4074 484 4136 Rudelstadium
498 4091 630 4137 reversus
646 4082 698 4136 eet.

208 4179 387 4240 Oonrentum
411 4187 456 4242 est
475 4181 589 4255 eadem,
613 4180 682 4260 quid
704 4180 740 4242 de
759 4181 957 4256 obsignatione
978 4179 1137 4238 litterarum
1156 4175 1239 4237 lieret
1257 4185 1287 4239 et

10 4267 11 4278 ἵ
120 4285 187 4357 (ibid
200 4285 321 4346 ulterius
335 4287 366 4345 in
380 4285 508 4375 Amstad
522 4287 663 4362 agendum
678 4285 762 4348 ieret.
793 4286 876 4346 Fecit
890 4291 920 4344 et
933 4283 1064 4343 Eubulus
1078 4299 1131 4358 per
1145 4282 1286 4344 Lazarum

10 4397 12 4482 ]
120 4391 314 4465 &deuterium
330 4391 361 4450 in
375 4389 515 4455 Arnsudt
529 4391 654 4469 sigillum
667 4393 698 4452 iu
711 4406 795 4452 usum
809 4395 863 4452 etc.
883 4389 993 4476 parari.
