3028 4894
725 343 768 408 57

246 524 358 586 Eadem
380 524 438 586 duo
461 526 557 586 nescio
580 527 662 600 cujas
685 523 858 588 conditionis
883 499 1014 588 homines
1037 524 1092 585 hoc
1115 526 1270 586 certamine
1296 522 1331 584 de

156 633 260 694 bravio
281 630 498 704 contendentes,
522 634 554 689 ut
575 647 649 691 nnns
671 647 726 691 ova
748 632 871 692 ducenta
892 633 1020 692 recentia
1040 647 1099 690 non
1121 637 1216 704 cocta,
1240 631 1281 690 ita
1301 630 1331 689 in

158 735 261 797 ordine
281 735 432 809 disposita,
460 741 493 795 ut
515 736 627 810 singula
652 737 761 796 cubitos
784 737 856 797 dnos
878 738 1056 797 abinvicem
1079 736 1205 812 sepositas
1226 741 1331 808 esseut,

160 858 195 902 ac
206 843 282 900 alter
293 841 464 900 certantium
477 856 561 900 ovum
573 845 641 916 post
653 857 738 900 ovum
753 844 877 915 aprime
892 842 930 901 ad
945 843 1075 901 mtimnm
1087 856 1237 900 recurrens
1250 856 1330 913 spor-

161 948 229 1006 tnlae
245 947 414 1019 imponeret,
437 959 541 1005 cavens
557 961 593 1004 ne
613 946 703 1004 ullum
717 946 879 1007 laederetur.
918 947 993 1006 Nam
1013 948 1038 1006 si
1058 947 1178 1022 alicujus
1198 950 1332 1018 putamen

161 1051 339 1111 contractum
353 1048 464 1123 fuisset,
485 1050 548 1123 jam
562 1055 657 1110 actum
673 1055 736 1110 erat
751 1051 788 1111 de
807 1052 916 1112 bravio.
947 1051 1029 1111 Alter
1049 1067 1118 1112 vero
1137 1052 1213 1110 intra
1232 1050 1333 1110 horem

163 1161 193 1217 et
208 1160 340 1230 quartam
353 1153 435 1213 horae
450 1157 563 1228 partem
577 1155 678 1214 urbem
694 1162 777 1216 extra
791 1157 898 1217 moeuia
913 1156 1117 1217 mreumitaret.
1148 1155 1222 1216 Mihi
1238 1162 1333 1216 autem

163 1263 316 1334 incertum,
339 1264 404 1318 nter
419 1274 518 1318 eorum
533 1261 643 1318 vicerit.

251 1363 362 1424 Eadem
384 1363 506 1438 Hispani
525 1368 555 1424 et
574 1363 806 1440 Burgundiones,
831 1368 969 1439 quiante
988 1365 1149 1439 meridiem,
1173 1369 1205 1423 ut
1227 1364 1333 1424 dictum

163 1473 222 1544 est,
246 1483 401 1542 suspensus
422 1473 499 1543 erat,
523 1469 637 1545 ipsimet
658 1469 694 1530 de
715 1471 844 1544 patibulo
866 1470 1027 1544 depositum
1046 1469 1154 1530 feretro
1176 1470 1333 1547 holoserico

163 1579 295 1636 contecto
316 1574 480 1648 imponunt,
504 1573 650 1634 monachis
671 1580 701 1634 et
722 1573 888 1650 sacrificalis
908 1575 946 1635 ad
965 1579 1117 1648 utrumque
1135 1573 1246 1633 funeris
1259 1574 1334 1632 latus

164 1678 298 1740 ardentes
313 1693 411 1736 cereas
422 1677 614 1753 portantibus,
624 1695 681 1738 uno
696 1681 884 1755 vespillonum
897 1681 1007 1754 pertica
1020 1681 1106 1754 longa
1118 1680 1210 1737 crucis
1223 1679 1334 1752 siguum

165 1800 253 1860 super
277 1783 424 1842 lucernam
443 1788 573 1857 gestante
592 1789 622 1843 et
640 1791 798 1859 praeeunte,
822 1801 874 1846 suo
894 1800 974 1844 more
994 1789 1080 1844 terrae
1096 1782 1228 1844 condunt.
1260 1783 1334 1841 Nam

166 1887 244 1964 apud
258 1889 336 1964 ipsos
351 1887 443 1947 iurari
457 1889 571 1962 piaculo
585 1905 643 1949 non
659 1890 780 1950 ducitur.

254 1993 378 2054 Domine
392 1992 482 2066 Deus,
505 2009 617 2068 magne,
642 1997 765 2070 sapiens,
788 1995 939 2056 miserator
958 2001 987 2054 et
1003 1996 1089 2068 Juete,
1113 1995 1156 2052 tni
1175 1999 1204 2052 et
1223 1993 1288 2052 coeli
1306 1999 1336 2052 et

166 2099 246 2162 orbis
267 2104 411 2158 terrarum
429 2104 509 2172 suut,
533 2101 646 2173 tuisque
666 2116 749 2158 omne
769 2101 860 2159 solnm
880 2102 975 2175 patria
996 2104 1049 2159 est.
1086 2099 1126 2158 Et
1146 2103 1252 2174 praeter
1274 2098 1336 2156 haec

167 2208 253 2266 etiam
268 2203 368 2264 orbem
387 2208 532 2264 terrarum
550 2219 603 2278 per
621 2203 751 2263 homines
770 2205 915 2279 sapientes
929 2205 960 2263 in
976 2206 1100 2278 climate,
1123 2220 1221 2278 regna,
1245 2204 1334 2276 dyna-

166 2313 237 2371 stiae
253 2315 283 2371 et
302 2309 428 2368 dominia
447 2315 504 2368 tuse
522 2309 626 2369 divinae
641 2310 790 2383 sapientiae
807 2309 960 2384 disponere
979 2308 1095 2382 placuit
1128 2307 1268 2380 Quoniam
1282 2310 1335 2382 igi-

164 2421 214 2476 tur
232 2415 301 2474 mihi
319 2415 438 2488 indigno
461 2419 491 2475 et
513 2413 622 2474 misello
640 2415 683 2473 tui
702 2415 780 2473 orbis
801 2413 909 2473 terreni
928 2413 1135 2484 portiunculam
1154 2413 1280 2484 amquam
1300 2411 1336 2470 de

164 2519 337 2580 liberalitate
352 2525 403 2578 tua
421 2517 638 2593 gubernandam
657 2517 800 2594 impartiri
820 2516 953 2591 dignatus
974 2532 1014 2588 es,
1037 2521 1066 2576 te
1084 2531 1137 2588 per
1156 2532 1229 2587 eum,
1253 2531 1336 2588 quem

166 2641 220 2700 pro
235 2625 318 2685 nobis
332 2624 476 2684 victimam
489 2621 553 2683 fieri
568 2623 683 2683 uoluisti
699 2637 840 2696 quemque
854 2622 968 2680 unicum
985 2619 1171 2680 mediatorem
1192 2624 1220 2677 et
1234 2623 1336 2678 testem

166 2729 257 2789 venia
280 2733 347 2789 aute
367 2733 397 2788 te
418 2734 531 2805 patrem
552 2733 693 2788 amenum
712 2726 813 2786 Jesnm
833 2725 977 2785 Christum
998 2724 1110 2798 dedisti,
1135 2725 1283 2798 deprecor,
1305 2727 1337 2782 ut

167 2834 246 2910 apud
260 2834 438 2908 principatus
452 2834 537 2908 hujus
553 2833 641 2893 seculi
654 2832 786 2907 gratiam,
810 2832 883 2890 citra
901 2835 997 2890 tamen
1015 2832 1137 2890 nominis
1157 2833 1200 2890 tui
1215 2829 1337 2890 dedecus

168 2947 198 3002 et
212 2941 346 3001 animulae
366 2955 438 2998 mese
458 2939 632 3014 pericnlum·
649 2939 791 2998 inveniam
809 2939 840 2996 in
859 2943 1022 3010 terramque
1042 2941 1169 2997 nostram
1188 2939 1337 2996 revertens

168 3047 355 3119 necationem,
379 3035 437 3119 qua
451 3060 497 3104 me
512 3045 629 3117 vocasti,
653 3043 706 3102 tibi
720 3043 828 3102 servire
846 3038 983 3116 ¹qneam.
1014 3043 1081 3102 liat
1094 3047 1190 3100 autem
1204 3041 1337 3100 voluntas

168 3156 219 3211 tna
231 3150 310 3211 bona
325 3155 354 3209 et
368 3155 477 3222 sancta,
500 3150 598 3210 veniat
616 3163 736 3222 regnum
755 3153 836 3207 tuum
855 3146 1022 3222 perlectum,
1047 3151 1147 3208 contra
1167 3147 1244 3219 quod
1263 3160 1337 3204 nunc

169 3257 239 3316 cinis
254 3260 285 3315 et
298 3261 377 3316 terra
391 3259 450 3314 tam
465 3253 588 3327 superbe
602 3253 733 3328 insurgit.
764 3254 873 3313 Panem
892 3253 972 3313 verbi
990 3252 1028 3312 da
1043 3258 1071 3311 et
1086 3253 1224 3326 corporis,
1240 3256 1337 3325 patres

168 3363 258 3423 bonos
277 3361 384 3434 largire
403 3364 434 3419 et
455 3357 583 3418 subditos
602 3375 694 3419 serva.
726 3359 770 3418 Sit
793 3357 846 3418 tibi
865 3373 935 3418 cura
955 3357 1101 3416 uxorculae
1120 3361 1149 3414 et
1162 3353 1268 3414 filiolae.
1299 3355 1339 3413 Et

170 3467 304 3542 quoniam
323 3465 430 3539 omnia,
456 3479 520 3539 qnae
539 3465 614 3523 iuste
633 3467 776 3540 premunt,
800 3463 838 3522 ob
857 3460 1067 3522 multitudinem
1086 3464 1268 3534 peccatorum
1286 3474 1336 3519 ne·

169 3577 294 3632 atrorum
313 3571 447 3643 patimur,
472 3568 582 3630 dimitte
602 3567 685 3628 nobis
706 3567 804 3628 debita
820 3549 929 3639 nostra,
954 3565 978 3623 si
998 3563 1112 3638 quidem
1133 3569 1163 3622 et
1181 3579 1233 3622 nos
1254 3562 1296 3640 (id
1310 3568 1339 3623 te

171 3672 308 3750 donante)
329 3674 500 3734 remittimus
520 3673 696 3734 debitoribus
719 3672 834 3732 nostris.
870 3670 911 3730 Et
928 3683 965 3728 ne
986 3685 1037 3728 uos
1057 3665 1174 3728 inducas
1193 3669 1224 3727 iu
1243 3672 1337 3729 teuta-

171 3782 286 3855 tienem,
310 3780 364 3840 hoc
384 3785 438 3854 est,
461 3785 590 3854 opatu,
614 3793 650 3837 ne
670 3793 724 3836 nos
743 3776 825 3836 nobis
843 3775 984 3849 relinque,
1007 3790 1043 3834 ne
1063 3775 1241 3849 postliminio·
1257 3791 1338 3834 muu-

171 3885 231 3960 dus,
256 3901 325 3944 caro
345 3890 375 3945 et
392 3888 539 3947 veterator
556 3884 610 3944 ille,
620 3897 740 3958 serpens
759 3881 868 3942 Sathan
883 3897 901 3940 a
914 3878 975 3940 filio
989 3885 1039 3940 tuo
1056 3878 1169 3955 devicti,
1192 3880 1273 3939 nobis
1288 3880 1339 3941 do-

171 3992 325 4051 minentur.
356 3989 416 4049 Sed
433 3989 525 4049 libera
544 4003 595 4047 nos
615 4003 633 4047 a
653 3989 738 4060 mala
762 3985 843 4046 aufer
863 3987 1009 4047 tristitiam
1027 3986 1157 4045 inutilem
1178 3990 1207 4044 et
1221 3985 1258 4044 da
1272 4001 1339 4044 cou-

172 4097 319 4155 tritionem
333 4107 440 4167 nerem,
464 4107 600 4168 spemque
614 4091 736 4167 fidelem,
760 4093 872 4164 etquis
893 4090 928 4150 de
949 4090 996 4150 die
1015 4090 1046 4147 iu
1066 4088 1141 4147 diem
1160 4093 1291 4161 tempera
1310 4089 1342 4147 iu

174 4200 256 4274 pejus
275 4202 412 4271 vergunt,
442 4195 562 4272 largire,
585 4197 749 4272 oduuino,
774 4212 832 4271 quo
852 4207 881 4256 te
902 4197 1022 4256 vocante
1045 4195 1177 4266 prompte
1199 4197 1229 4251 et
1250 4193 1340 4252 avidis

750 4327 766 4362 ΙΙ

247 4415 292 4476 lje
311 4425 423 4464 emere.
