3028 4894
741 352 790 416 v20

263 557 301 598 xx
320 537 427 613 Aprilis
441 538 518 596 iuter
534 540 666 608 quartam
682 539 711 592 et
727 532 855 604 quintam
870 531 956 591 horas
975 528 1215 590 antemeridianas
1231 530 1262 588 in
1275 534 1349 588 tem·

174 646 222 720 plo
237 645 397 718 Minorum,
424 642 500 716 quod
525 641 564 700 ad
588 640 663 700 hunc
679 638 754 697 diem
776 639 806 696 in
821 641 965 712 potestate
981 640 1097 696 senatus
1112 636 1275 710 Augustani
1297 640 1350 708 cst,

175 751 358 812 ecclesiasten
381 747 522 822 quendam
542 762 600 805 non
620 743 764 804 indoctum
785 760 821 802 ex
842 759 905 818 cap.
929 743 1049 802 Ioannis
1070 743 1119 800 xxi
1143 743 1178 801 de
1193 740 1352 816 piscatione

173 858 255 917 Petri
269 862 299 916 et
313 856 434 914 aliorum
457 852 611 911 christiane
632 856 661 909 et
675 849 803 909 breviter
827 849 1014 908 disserentem
1029 846 1197 908 audivimus.
1243 846 1349 905 Praeci-

174 979 230 1037 pue
238 961 326 1021 verba
333 958 440 1018 Christi
456 954 766 1029 dicentis»App0rtate
775 953 844 1012 mihi
854 954 889 1015 de
898 954 1054 1029 piscibus«,
1072 953 1227 1026 adducens,
1244 951 1352 1010 scilicet

176 1067 252 1140 quod
266 1067 328 1126 veri
343 1063 574 1135 concionatores,
599 1076 670 1134 quos
693 1077 745 1134 per
760 1061 879 1120 verbum
893 1057 1101 1132 lucriIecerint,
1119 1035 1232 1117 Christo
1248 1054 1352 1116 offerre

177 1171 312 1244 debeant,
328 1186 386 1228 non
401 1169 456 1228 sibi
470 1182 631 1241 reseruare,
646 1167 701 1226 hoc
711 1170 754 1225 est
763 1181 816 1239 pro
832 1181 883 1224 suo
898 1164 1041 1224 arbitratu
1056 1165 1086 1222 in
1102 1163 1237 1238 populum
1245 1159 1352 1220 Christi

178 1277 332 1350 imperium
348 1289 458 1350 gerere.

268 1381 355 1440 Venit
369 1378 514 1438 Adrianus
530 1378 682 1438 aZertzen
696 1372 824 1436 referens
840 1391 871 1434 se
885 1374 1044 1434 marchioni
1059 1374 1176 1433 electori
1190 1374 1290 1433 literas
1304 1387 1351 1431 so·

175 1490 250 1548 roris
265 1487 436 1546 etcomitum
448 1481 799 1556 aHennebergobtuhsse,
816 1482 964 1555 ipsumque
979 1479 1170 1538 marchionem
1186 1478 1301 1550 dixisse,
1318 1477 1352 1535 li·

177 1602 255 1654 teras
274 1592 328 1652 sibi
343 1591 462 1665 praelegi
475 1593 651 1648 curaturum.
688 1587 778 1646 Iubet
797 1586 885 1660 igitur
909 1585 1067 1659 Adrianus,
1091 1590 1124 1643 nt
1145 1585 1175 1643 in
1197 1584 1352 1658 hospitium

179 1698 311 1757 electoris
339 1695 498 1767 mitterem,
529 1693 701 1764 quaesiturus
723 1707 741 1750 a
764 1691 879 1752 Staculo
904 1690 940 1750 de
956 1691 1076 1765 Sleben,
1100 1706 1168 1750 uum
1182 1703 1352 1764 responsum

181 1802 331 1863 habituras
346 1802 409 1873 sim,
424 1813 522 1857 necne.

266 1906 348 1965 Idem
361 1904 508 1964 Adrianus
522 1901 690 1980 Maritimum
706 1900 806 1960 ducem
829 1901 981 1960 electorem
1002 1901 1044 1961 ait
1066 1901 1223 1974 pollicitum
1237 1915 1310 1974 esse,
1328 1899 1353 1958 si

179 2011 250 2086 quid
263 2011 331 2070 boni
346 2011 376 2068 in
390 2013 490 2068 nostra
505 2024 592 2068 causa
606 2023 692 2080 agere
706 2010 814 2081 posset,
830 2007 924 2080 ipsum
939 2023 1001 2066 esso
1017 2011 1157 2080 paratum.

267 2115 378 2174 Eadem
400 2114 544 2173 Ioannem
565 2111 762 2187 Milchlmgum
785 2117 815 2171 et
837 2113 989 2171 Erasmum
1013 2111 1199 2171 aRumrhod
1222 2109 1260 2170 ad
1274 2125 1350 2167 mar·

181 2220 324 2280 schalcnm
338 2219 451 2294 imperii
466 2219 501 2277 de
516 2217 708 2292 Papenheim,
730 2223 762 2277 ut
778 2234 841 2276 cum
856 2217 945 2290 ipsius
960 2218 1044 2276 venia
1058 2217 1088 2274 in
1103 2216 1226 2288 hospitio
1242 2215 1351 2289 absque

179 2326 377 2386 molestatione
392 2328 564 2383 metatorum
578 2323 768 2398 hospitiorum
782 2338 951 2396 permanere
966 2337 1122 2397 possemus,
1138 2322 1274 2380 misimus.
1343 2363 1347 2370 .

267 2430 377 2491 Eadem
406 2429 540 2488 Liborins
570 2434 599 2487 et
622 2428 810 2488 Wendelinus
837 2429 928 2501 primo
951 2406 1077 2501 vigilum
1101 2426 1275 2501 inviserent,
1303 2425 1351 2500 qui

177 2539 285 2613 passim
300 2537 436 2608 utrinque
451 2534 646 2608 disputantes,
670 2534 780 2609 Viglius
801 2534 879 2607 quod
899 2531 1007 2592 sciebat
1028 2534 1100 2591 scire
1116 2532 1220 2605 noluit,
1244 2531 1352 2590 scilicet

177 2645 241 2717 quis
255 2647 347 2703 status
363 2646 439 2701 esset
454 2640 604 2700 comitatus
619 2639 768 2713 Waldeck,
789 2644 819 2698 et
840 2639 870 2697 in
892 2653 1000 2697 summa
1016 2638 1181 2697 comitatum
1201 2652 1264 2696 esse
1277 2635 1351 2708 iuris

176 2750 289 2824 imperii
305 2746 500 2808 confirmabat.
538 2745 610 2804 Item
630 2745 697 2804 olim
718 2753 805 2804 unua
827 2759 863 2802 ex
882 2742 1032 2802 comitibus
1053 2741 1246 2802 deWaldeck
1264 2739 1352 2798 fuisse

175 2855 269 2914 locum
289 2858 435 2912 tenentem
457 2849 578 2909 Caesaris
601 2865 654 2922 per
674 2853 767 2909 totum
787 2849 946 2923 imperium.
985 2849 1058 2908 Item
1080 2848 1222 2920 quomodo
1241 2843 1351 2906 Landt·

178 2957 271 3032 gravii
290 2955 336 3031 (ut
349 2957 411 3030 ipse
427 2952 552 3028 dIcebat)
574 2970 627 3027 per
646 2954 855 3012 transactiones
873 2954 1037 3012 comitatum
1052 2971 1070 3012 a
1085 2953 1224 3013 Waldeclr
1244 2953 1275 3012 iu
1290 2949 1351 3011 feu·

179 3061 247 3121 dum
262 3061 434 3133 acceperint,
450 3061 543 3133 ipsum
558 3075 616 3119 non
630 3059 748 3120 latebat.
772 3060 854 3133 Item,
872 3075 903 3118 se
918 3061 1041 3134 insIgnia
1054 3059 1222 3118 Wormatiae
1237 3063 1354 3117 ostensa

178 3165 293 3238 vidisse,
308 3165 441 3224 vexillum
456 3169 552 3224 eutem
567 3165 638 3226 illud
654 3165 843 3239 existimabat,
859 3167 890 3224 in
906 3182 962 3237 quo
975 3163 1123 3224 cattorum
1138 3165 1270 3237 princeps
1285 3161 1353 3220 Phi·

178 3272 273 3345 lippus
288 3272 347 3330 suIs
362 3273 449 3332 armis
464 3273 587 3346 insignia
602 3272 753 3332 comitatus
768 3270 911 3330 Waldeck
924 3271 1042 3345 appingi
1056 3267 1172 3331 fecerat.
1204 3269 1278 3328 Item
1292 3268 1352 3340 aje-

179 3378 230 3439 bat
245 3377 373 3438 diversas
390 3395 452 3438 esse
473 3395 574 3438 causas
588 3377 695 3438 Eubuli
717 3383 747 3437 et
759 3374 896 3450 fratrum,
920 3392 987 3436 nam
1006 3373 1111 3434 fratres
1132 3391 1195 3434 esse
1213 3373 1353 3447 sanguiue

176 3485 333 3558 junctiores
353 3484 505 3544 Wilhelmo
527 3482 624 3543 Cliviae
645 3488 675 3542 et
694 3481 786 3542 (iuliae
807 3483 872 3541 duci
888 3488 956 3556 eta,
982 3481 1032 3554 qui
1052 3496 1157 3554 magna
1176 3480 1207 3538 in
1230 3479 1354 3554 gratiam

132 3597 136 3605 '
180 3589 302 3648 Caesaris
318 3596 348 3649 et
362 3591 438 3664 regis
448 3589 624 3649 Ferdinandi
638 3587 740 3647 fecerit
750 3592 803 3647 etc.
827 3587 948 3647 Remisit
962 3590 1077 3645 nostros
1090 3601 1204 3658 quoque
1220 3585 1258 3645 ad
1267 3583 1352 3642 Atre-

180 3693 336 3754 batensem.
374 3695 447 3752 Item
462 3711 514 3754 nos
529 3694 567 3754 ad
582 3695 677 3754 omnia
697 3710 760 3766 quae
775 3693 925 3767 imperinm
941 3694 1160 3765 concernerent,
1179 3693 1215 3749 ut
1230 3693 1354 3748 coeteros

178 3804 208 3857 et
221 3797 350 3856 membra
364 3800 477 3874 imperii
497 3816 549 3873 per
565 3800 705 3860 mandata
725 3814 838 3873 semper
852 3803 969 3858 vocatos
984 3795 1085 3871 fuisse,
1107 3799 1238 3854 astruere
1253 3793 1352 3854 voluit.

177 3903 250 3962 Item
265 3919 296 3962 se
312 3904 398 3978 scire,
421 3904 498 3976 qnod
511 3903 584 3964 alios
600 3903 677 3979 apud
689 3905 828 3977 iudicium
841 3919 960 3962 camera
975 3908 1076 3962 contra
1091 3900 1290 3960 coloniensem
1305 3911 1353 3955 co·

177 4007 260 4066 mites
275 4008 409 4082 egissent,
454 4007 577 4068 Dixerat
595 4008 715 4067 ebidem
730 4007 878 4068 Gattornm
896 4008 1054 4082 principem
1075 4005 1191 4080 quidem
1205 4003 1244 4064 ad
1264 4015 1353 4061 eaesa-

178 4127 257 4176 ream
272 4113 464 4187 majestatem,
481 4118 514 4172 ut
529 4129 578 4172 eos
593 4114 757 4186 comitatus,
774 4128 846 4186 quos
862 4113 982 4172 nuncin
996 4111 1082 4173 feudo
1097 4111 1212 4184 habeat,
1228 4108 1269 4167 sic
1282 4106 1353 4166 reti·

178 4231 249 4277 nere
263 4224 374 4292 posset,
391 4218 521 4293 petiisse,
537 4221 569 4276 at
583 4216 725 4276 Gaesarem
740 4218 901 4278 consentire
917 4217 1051 4277 noluisse.

269 4321 495 4398 supervenerat,
511 4322 579 4382 dnm
593 4322 684 4381 nostri
699 4338 763 4381 cum
777 4323 872 4396 Vigho
888 4323 1127 4396 sermocinantur,
1147 4315 1351 4393 Mar'quardus,

178 4441 243 4488 cum
258 4443 315 4505 quo
327 4427 461 4490 Liberius
477 4430 512 4492 de
526 4429 608 4492 nobis
622 4445 681 4490 nou
694 4429 840 4494 insinuato
854 4427 990 4491 mandato
1011 4424 1202 4489 damnabaris
1217 4421 1356 4486 electoris
