3028 4894
734 305 776 372 15

165 487 225 550 dux
238 486 321 550 verbi
337 501 401 549 csse
416 488 447 548 in
461 486 605 550 auditorio
620 487 658 550 ob
670 487 774 549 multus
789 503 891 550 causas
907 503 966 550 non
980 487 1115 552 audebat.
1153 490 1237 552 Viam
1251 496 1348 554 tamen

165 609 272 669 parere
290 594 368 670 apud
382 594 600 670 Merquerdum,
616 595 771 656 mmitante
785 595 880 671 ipsum
894 593 994 670 Floro,
1010 595 1123 671 sategit
1146 595 1243 658 Mater
1255 598 1346 658 inter·

165 701 291 776 rogavit,
309 716 378 760 num
393 701 495 761 scirem
510 700 539 761 d.
549 699 693 762 Bucerum
707 700 816 761 edesse.
844 699 992 776 Respondi
1003 715 1049 760 me
1063 701 1178 776 quidem
1193 703 1346 778 accepisse,

165 809 264 883 ipsum
277 805 325 864 hie
336 803 435 880 fuisse,
451 805 503 866 sed
516 821 665 867 reversum
678 803 914 880 Argentoratum.
937 805 977 865 At
991 806 1039 866 ille
1055 807 1106 880 ait,
1122 806 1217 868 adhuc
1231 807 1279 868 hic
1293 806 1343 867 de·

166 913 213 988 git
227 917 258 974 et
271 926 372 972 vereor
385 910 428 970 illi
442 909 551 971 uellam
566 908 732 972 facultatem
746 909 872 972 abeundi
886 927 938 988 per
953 910 1097 974 Caesarem
1111 914 1239 977 concedi.

256 1016 399 1078 Melchior
426 1016 561 1077 Carolum
582 1016 674 1077 Harst
706 1016 861 1078 clivensem
883 1019 1077 1080 consiliarium
1099 1019 1179 1080 adiit.
1226 1019 1346 1081 Carolus

165 1122 254 1198 paulo
270 1127 339 1198 post
351 1121 537 1182 Atrebatensi
551 1121 706 1185 adventum
720 1125 856 1186 comitum
870 1124 1100 1186 Waldeceneium
1120 1125 1273 1200 indicarit,
1297 1126 1348 1199 qui

166 1243 234 1288 mox
248 1210 452 1302 interrogarit,
468 1243 536 1286 num
550 1228 575 1288 is
591 1243 706 1302 quoqne
721 1228 852 1305 adesset,
876 1231 926 1304 qui
941 1231 1083 1305 colloquio
1096 1229 1290 1291 ratisbonensi
1303 1232 1348 1289 in·

166 1331 323 1393 terruisset.
342 1332 394 1392 Ait
408 1331 544 1394 Carolus:
562 1332 667 1395 Omnes
683 1335 732 1409 qui
746 1337 827 1396 citati
842 1339 910 1396 sont
924 1335 1042 1412 (nullius
1056 1349 1161 1395 nomen
1175 1332 1348 1410 exprimens)

167 1437 283 1499 adsunt
320 1436 435 1500 Deinde
449 1437 537 1500 latius
551 1437 751 1501 Atrebatensis
771 1457 836 1500 cnm
855 1457 890 1502 eo
905 1438 1055 1500 conferens
1074 1437 1147 1499 infit.
1185 1439 1282 1513 Quare
1296 1438 1347 1499 do·

168 1545 238 1604 mini
251 1545 294 1604 tui
306 1545 429 1605 maxime
443 1543 490 1603 his
502 1542 680 1618 temporibus
694 1561 776 1606 arma
787 1546 904 1622 capiunt
916 1547 947 1606 in
962 1543 1153 1605 coloniensem
1163 1541 1347 1620 episcopum?

169 1649 336 1724 Respondit
343 1648 476 1710 Carolus:
493 1647 619 1710 Domine
634 1649 753 1726 praesul,
770 1651 829 1712 ulia
842 1647 893 1712 fiet
904 1649 1078 1714 informatio.
1101 1649 1190 1726 Bene,
1205 1650 1286 1726 bene,
1302 1650 1346 1710 in-

168 1755 234 1830 quit
247 1755 413 1832 episcopus,
430 1769 548 1815 neeesse
563 1758 608 1815 est
623 1759 657 1814 ut
671 1770 703 1816 se
718 1761 887 1831 expurgent.

256 1859 303 1921 Ad
322 1865 432 1922 sextam
453 1858 631 1921 Coloniensis
656 1858 699 1938 (si
719 1859 863 1938 creditur)
882 1862 943 1936 jam
960 1859 1053 1925 iactus
1072 1862 1179 1924 amicus
1198 1860 1347 1925 adeundus

168 1969 247 2042 erat,
263 1963 316 2026 sed
329 1965 401 2025 nihil
416 1963 547 2026 eflectum
561 1971 615 2026 est.

258 2072 337 2132 Inter
356 2075 467 2132 sextam
488 2075 518 2131 et
531 2069 680 2144 septimam
701 2085 796 2130 comes
818 2071 965 2133 aliaesau
986 2076 1016 2133 et
1028 2071 1174 2136 Adrianus
1194 2072 1347 2134 aZertzen

168 2181 396 2252 apportaverunt
411 2175 457 2254 (ut
470 2176 556 2251 vulgo
572 2174 682 2252 dicum)
698 2177 836 2251 seriptum
851 2179 1047 2254 compromissi
1060 2180 1136 2240 inter
1150 2179 1348 2240 coloniensem

68 2337 72 2344 .
170 2286 200 2342 et
212 2298 276 2357 nos,
288 2282 421 2356 jnbentes
432 2281 463 2342 id
473 2281 592 2357 perlegi,
609 2297 667 2356 qno
681 2281 720 2342 ad
733 2283 870 2343 mundum
884 2285 972 2346 scribi
986 2285 1077 2358 possit
1090 2291 1120 2345 et
1134 2284 1235 2360 sigillis
1250 2299 1346 2346 corro-

169 2387 282 2461 borari;
306 2387 384 2462 quod
403 2387 540 2462 scriptum
560 2403 646 2461 quam
666 2389 794 2464 iniquum
815 2387 848 2450 et
862 2389 998 2452 acerbum
1012 2388 1114 2465 fuerit,
1138 2397 1258 2452 euentus
1279 2389 1346 2450 edo·

170 2493 259 2570 cebit,
275 2493 328 2554 sed
344 2492 432 2571 (proh
448 2491 542 2569 dolor)
558 2494 655 2554 omniu
669 2495 755 2556 modo
772 2495 939 2557 devoranda
952 2500 1028 2556 sunt.

260 2599 320 2660 Sub
339 2605 470 2660 octauum
489 2597 595 2658 fratres
615 2603 645 2659 et
660 2615 714 2674 ego
734 2599 813 2677 (uam
833 2602 949 2663 Samuel
968 2601 1084 2676 negotio
1105 2616 1137 2660 se
1156 2598 1348 2659 intermittere

170 2701 275 2780 noluit)
297 2702 504 2766 habitationem
525 2702 631 2764 domini
645 2702 836 2764 Maximiliani
855 2706 1015 2766 archiduois
1030 2705 1156 2779 adimus,
1176 2703 1283 2766 ibidem
1297 2719 1346 2762 us-

172 2827 228 2886 que
242 2809 280 2872 ad
293 2827 399 2872 nonam
413 2809 514 2870 horam
529 2815 728 2896 enpectantes3
749 2809 867 2870 tandem
881 2827 985 2872 venere
1001 2811 1199 2885 colonienses,
1215 2808 1288 2870 ethi
1302 2809 1347 2868 in·

171 2917 298 2977 tremissi
311 2920 378 2976 snut
392 2914 423 2974 in
437 2913 612 2976 auditorium
627 2921 658 2975 et
670 2915 757 2988 paulo
772 2919 840 2990 post
853 2930 906 2975 noe
919 2932 973 2992 per
987 2916 1138 2978 ostiarium
1152 2916 1228 2976 intro
1243 2914 1347 2976 vocati.

172 3020 235 3080 illic
261 3021 495 3096 archiepiscopus
522 3019 693 3081 coloniensis
722 3037 775 3097 per
801 3020 973 3081 aduocatum
1003 3022 1146 3097 quendem
1172 3021 1204 3082 in
1224 3020 1348 3081 termino

172 3125 339 3188 mandatum
352 3126 467 3200 poenale
482 3125 603 3201 produci
617 3125 700 3200 feeit,
717 3141 753 3186 ee
767 3131 863 3188 tamen
876 3128 1071 3204 mitigatione,
1086 3132 1120 3187 nt
1134 3129 1301 3198 testaretur,
1318 3139 1349 3184 se

172 3247 224 3307 spe
242 3232 404 3302 concordiae
422 3231 555 3305 petitioni
574 3232 749 3293 executionis
770 3233 855 3294 modo
875 3231 1079 3309 supersedere;
1103 3233 1127 3293 si
1148 3239 1244 3294 tumen
1263 3243 1350 3290 censa

172 3337 248 3397 inter
261 3342 375 3412 partes,
397 3340 430 3396 ut
441 3336 502 3409 jam
516 3339 642 3411 coeptum
657 3342 748 3412 esset,
769 3354 822 3413 per
842 3337 969 3400 arbitros
985 3343 1015 3398 ot
1028 3341 1104 3401 uiam
1120 3338 1165 3415 (ut
1178 3331 1349 3412 loquuntur)

173 3439 306 3502 amidae
320 3441 442 3517 transigi
455 3457 513 3502 non
528 3442 630 3518 queat,
655 3457 687 3502 se
701 3447 870 3520 protestari,
892 3446 986 3520 ipsum
1000 3444 1055 3502 hoc
1068 3442 1146 3504 facto
1159 3443 1218 3517 juri
1233 3457 1286 3501 suo
1302 3455 1347 3499 ce·

174 3544 243 3607 dere
257 3546 346 3625 nolle,
369 3562 489 3622 rogans,
512 3552 546 3608 ut
559 3546 622 3607 heac
641 3547 683 3609 ita
702 3565 756 3622 per
775 3548 884 3610 scribas
904 3553 1124 3610 annotarentur.
1162 3544 1305 3606 Praesides
1321 3548 1350 3603 et

173 3650 323 3710 concilium
335 3651 399 3712 hac
412 3652 454 3712 ita
469 3650 574 3711 ascribi
587 3658 618 3714 et
630 3653 738 3728 signari
749 3654 907 3727 iusserunt.
930 3652 978 3714 Ad
990 3651 1053 3712 hee
1067 3651 1206 3727 magister
1214 3648 1349 3712 liborius

175 3753 278 3816 Floms
298 3754 486 3833 (namalium
508 3757 636 3817 nancisci
656 3773 715 3818 non
732 3756 891 3834 potuimus)
912 3757 1045 3820 breuibus
1065 3757 1229 3834 respondit,
1253 3762 1283 3819 et
1297 3769 1350 3817 nos

177 3857 340 3924 obedientes
367 3877 534 3937 comparere
555 3863 586 3922 in
605 3862 743 3938 termino,
766 3879 802 3924 ac
820 3868 1009 3940 posteaquam
1036 3862 1199 3927 coloniensi
1223 3862 1265 3923 sie
1286 3862 1348 3938 pla·

173 3965 279 4042 cuerit,
302 3983 358 4028 nos
378 3967 455 4028 idem
474 3969 605 4044 recipere
624 3983 689 4028 cum
710 3970 935 4046 protestatione,
958 3970 983 4030 si
1006 3971 1152 4046 negotium
1171 3984 1224 4045 per
1244 3968 1351 4028 amicos

172 4072 293 4148 transigi
308 4089 372 4152 non·
381 4073 482 4149 possit,
499 4079 532 4146 ut
546 4080 576 4134 et
589 4074 672 4135 nobis
684 4075 745 4149 juri
760 4081 859 4136 nostro
873 4083 953 4136 stare
967 4075 1090 4137 liberum
1103 4074 1189 4150 foret,
1204 4073 1293 4148 idque
1308 4073 1350 4132 sio

171 4177 281 4252 signari
295 4177 457 4252 petivimus.
481 4178 535 4239 His
549 4181 674 4254 peractis
688 4181 824 4255 utrinque
838 4181 986 4256 paululum
999 4180 1141 4242 abcedere
1152 4179 1227 4254 jussi
1241 4194 1347 4240 sumus.

261 4281 410 4359 Ablegatis
426 4284 515 4358 igitur
529 4283 745 4348 coloniensibus
760 4301 812 4346 nos
826 4285 953 4346 revocati
966 4289 997 4346 et
1009 4286 1050 4348 ibi
1065 4302 1118 4362 per
1129 4283 1350 4358 Marquardum,

168 4387 303 4462 quierat
317 4389 378 4451 dux
393 4388 485 4466 uerbi,
504 4389 620 4450 nomine
633 4389 797 4454 auditorum
812 4390 919 4454 dictum
933 4395 986 4454 est.
1009 4391 1093 4466 Quod
1107 4389 1145 4454 ad
1159 4405 1260 4452 causas
1274 4389 1351 4450 inter
