2940 4900
765 309 829 374 tos

210 495 265 568 ipsi
288 509 324 552 ex
347 493 401 552 hoc
426 491 607 552 consecuturi
629 495 735 550 essent.
774 491 856 564 Quod
878 495 972 550 autem
997 489 1147 552 addiderit
1169 487 1369 562 deputatione,
1449 519 1459 555 ι

207 598 366 671 abjectione
395 602 424 656 et
449 597 630 672 colligatione
656 593 820 669 infmgiferi
847 595 971 668 palmitis
994 596 1061 669 igue
1085 591 1287 666 comburendi,
1307 607 1370 650 con·
1458 623 1459 662 ;

206 703 392 762 minationem
407 717 469 762 esse
485 717 549 760 oum
561 701 641 774 justa
656 687 799 760 antithesi.
831 699 951 761 Duobus
965 705 1060 760 autem
1074 698 1172 760 modis
1191 715 1245 758 nos
1258 698 1288 756 iu
1302 695 1371 754 Chri·
1458 715 1459 762 ff

207 811 251 866 sto
274 823 332 868 non
354 822 470 866 mouere
493 805 576 878 dixit3
606 806 699 879 primo
722 821 785 872 cnm
813 806 931 866 verbnm
958 807 1020 879 ejus
1039 805 1198 878 audimus,
1228 802 1280 862 sed
1300 799 1373 860 corde
1458 851 1459 854 ,

207 911 322 970 Christo
337 927 395 970 non
414 911 606 985 adhaeremus;
631 909 755 970 secundo
777 908 844 970 dum
864 910 982 972 verbum
1001 909 1117 983 quidem
1138 909 1205 982 ejus
1224 905 1373 980 arripimus,
1451 971 1453 982 y

206 1017 237 1076 id
252 1017 345 1090 ipsum
360 1014 390 1074 in
405 1013 492 1074 corde
513 1012 595 1074 nobis
616 1029 729 1088 quoqne
750 1015 903 1090 dulcescit,
918 1015 969 1078 sed
990 1021 1085 1076 mmcd
1106 1028 1164 1089 por
1188 1013 1275 1085 hujus
1289 1008 1375 1069 mundi
1452 1045 1459 1079 ,3

207 1120 356 1179 illecebras
377 1119 424 1178 vel
444 1119 618 1178 tentationes
641 1119 812 1194 repedemus
834 1125 925 1195 retro,
950 1123 1024 1180 sicut
1044 1125 1073 1180 et
1096 1118 1236 1178 Ohrhtus
1259 1115 1375 1176 dommus
1451 1125 1459 1200 {3

206 1225 236 1284 in
250 1224 389 1299 parabola
403 1224 570 1284 seminantis
585 1224 620 1284 de
635 1226 743 1284 semine
758 1225 876 1286 cadente
896 1226 972 1288 inter
991 1226 1088 1300 spinas
1106 1224 1225 1285 nnonnit
1246 1227 1299 1281 etc.
1327 1218 1377 1277 Do·
1452 1245 1453 1294 l

206 1331 299 1390 miuus
315 1335 410 1390 antem
425 1335 548 1404 quatuor
566 1331 613 1388 hic
627 1331 814 1390 comminatus
834 1334 887 1404 est,
911 1330 1019 1390 scilicet
1036 1328 1116 1390 foras
1137 1329 1285 1403 ejicietur,
1307 1339 1375 1384 arcs-

206 1443 261 1510 cet,
284 1436 433 1511 colligatur
448 1440 477 1494 et
490 1436 658 1510 projicietur
672 1436 702 1496 in
717 1437 820 1508 ignem.
852 1435 926 1496 Nam
944 1435 1070 1508 palmitis
1092 1435 1155 1508 qni-
1165 1450 1186 1492 a
1202 1432 1268 1490 *vite
1283 1428 1376 1488 rescin
1447 1449 1459 1510 a

207 1541 285 1600 ditur
301 1541 365 1614 quis
380 1557 448 1599 usus
464 1539 527 1600 est?
557 1541 674 1600 Nullum
690 1541 763 1598 enim
785 1539 900 1601 odorem
920 1539 1017 1614 hahet,
1042 1556 1094 1600 nee
1113 1539 1205 1614 sapit,
1229 1552 1284 1596 nec
1303 1537 1376 1606 aptus
1452 1557 1453 1566 ι

207 1651 251 1705 est
265 1645 303 1704 ad
318 1661 390 1719 opus
404 1644 480 1704 fabri
495 1646 619 1719 hguarii,
643 1661 696 1704 nec
710 1643 774 1704 foco
795 1642 989 1704 calefaciendo
1009 1643 1135 1730 prodest.
1169 1643 1255 1704 Dicit
1274 1651 1376 1714 quoqne
1451 1631 1459 1706 ss3

207 1755 326 1823 arescet,
350 1750 427 1822 quod
449 1755 699 1824 quantumcunque
720 1750 850 1822 speciosa
870 1749 1023 1808 videantur
1042 1765 1146 1824 opera,
1172 1749 1199 1807 sl
1220 1749 1251 1805 iu
1273 1742 1376 1803 Christo

208 1871 266 1914 non
289 1855 542 1928 permanserimus,
567 1854 684 1914 tandem
706 1859 904 1914 excrescentes
928 1861 957 1915 et
980 1856 1097 1916 exicasti
1120 1854 1289 1914 reddemur.
1314 1842 1376 1904 Sed
1451 1851 1452 1909 i

207 1962 357 2033 impiorum
379 1959 432 2020 hoc
455 1957 492 2016 sit
513 1958 671 2032 ingenium,
701 1963 734 2018 ut
754 1957 945 2034 parvifaoiant
966 1977 1029 2020 esse
1052 1963 1082 2020 in
1104 1958 1239 2030 Christo,
1264 1953 1331 2027 quin
1352 1952 1376 2006 ct
1451 1979 1459 2024 ,ι

206 2065 328 2125 mundos
347 2064 377 2123 id
396 2080 454 2123 non
473 2062 626 2124 admodum
645 2066 764 2139 appetit.
803 2065 926 2126 Mallent
945 2067 1021 2126 enim
1040 2065 1186 2138 nonnulli,
1213 2063 1239 2122 si
1258 2075 1295 2119 ex
1307 2057 1375 2130 ipse
1450 2049 1459 2129 ἒ]

207 2187 271 2229 rum
299 2173 366 2228 voto
394 2168 524 2245 cederet,
553 2172 613 2228 suis
641 2170 834 2243 voluptatibus
863 2173 893 2228 in
922 2171 977 2230 hoc
998 2149 1105 2232 mundo
1132 2168 1193 2230 frui
1222 2170 1254 2228 et
1282 2159 1375 2224 ooelfflss
1458 2197 1459 2234 ;

210 2275 324 2335 Christo
340 2277 555 2348 inperpetuum
575 2273 716 2349 linquere.
749 2275 811 2348 Quo
831 2281 926 2338 autem
947 2279 1117 2350 agnoscant,
1141 2277 1167 2334 si
1189 2277 1222 2334 in
1244 2272 1303 2331 vite
1321 2279 1373 2323 11¹8·

208 2397 277 2441 uere
292 2382 393 2456 nolint,
410 2381 440 2440 id
457 2397 505 2438 eos
521 2397 579 2439 nou
593 2382 709 2454 impune
724 2379 843 2455 laturos,
860 2381 989 2441 Christus
1007 2381 1097 2454 addit,
1121 2379 1306 2454 colligentur,
1328 2370 1375 2428 hoc
1458 2407 1459 2446 3

208 2492 260 2561 est,
284 2503 348 2546 cum
362 2486 454 2546 nolint
469 2486 499 2542 in
515 2483 629 2545 Christo
648 2500 827 2558 permanere,
851 2486 938 2546 verbo
957 2486 1084 2558 ligantur
1103 2487 1132 2543 et
1150 2487 1292 2558 tanquam
1308 2471 1374 2536 aridi

209 2593 340 2665 palmites
356 2593 386 2650 in
401 2593 496 2666 ignem
511 2591 709 2664 conjicientur,
734 2595 819 2663 atque
834 2591 897 2649 haec
912 2590 1024 2650 demum
1039 2605 1109 2648 vera
1124 2594 1169 2648 est
1189 2577 1374 2648 excommuni·
1458 2617 1459 2653 ;

208 2700 293 2758 catio.
312 2696 455 2756 'Adduxit
469 2701 498 2755 et
512 2712 548 2754 ex
562 2693 712 2754 Ezechiele
727 2695 820 2754 locum
836 2694 871 2754 do
886 2694 1025 2768 parabola
1038 2695 1106 2756 ritis
1126 2693 1206 2754 etde
1227 2688 1375 2752 inutilitate
1454 2751 1455 2764 χ

209 2802 336 2876 ejusdem
351 2803 508 2861 arescentis
524 2805 578 2858 eto.
594 2816 656 2872 cap.
676 2803 714 2858 17
719 2845 725 2858 .
757 2801 796 2858 Et
815 2802 1002 2874 projicientur
1021 2801 1170 2872 inignem,
1194 2797 1245 2858 hic
1260 2795 1316 2856 erit
1328 2803 1372 2864 po·
1453 2857 1454 2864 ,

209 2913 331 2966 suemus
345 2905 430 2978 hujus
446 2905 570 2963 convivii
589 2906 701 2977 missus,
726 2907 750 2963 si
769 2907 799 2963 in
819 2907 877 2964 vite
898 2921 955 2964 non
974 2904 1193 2977 permanserint,
1216 2897 1374 2962 maecenas
1454 2903 1456 2956 ζ

209 3015 309 3084 postea
328 3015 357 3068 et
376 3009 431 3068 sibi
451 3008 544 3066 relicti
563 3009 752 3082 projicientur
773 3011 930 3083 inignem,
955 3011 1058 3082 ignem,
1082 3011 1207 3082 inquam,
1232 3013 1372 3066 aenruum
1454 3007 1455 3084 3

209 3114 259 3173 uhi
281 3114 337 3172 erit
358 3110 442 3171 fletus
462 3117 492 3170 et
512 3110 620 3170 stridor
641 3113 767 3170 dentium
790 3118 819 3172 et
838 3115 918 3174 nulla
939 3114 1105 3187 redemptio.
1143 3113 1200 3170 Hic
1218 3111 1325 3172 diserte
1343 3099 1373 3159 de
1455 3089 1456 3120 ³

209 3219 352 3280 haereticis
368 3217 487 3291 aliquot,
504 3217 568 3276 aliis
582 3215 726 3276 internum
741 3220 920 3294 negantibus,
942 3195 1007 3278 aliis
1022 3218 1098 3276 hunc
1111 3219 1207 3291 iguem
1222 3220 1371 3276 extenuan-

209 3327 305 3401 tibus,
324 3322 495 3398 quibusdam
518 3324 603 3382 etiam
625 3324 767 3382 neminem
790 3325 820 3381 in
841 3323 1000 3397 gehennam
1023 3323 1138 3396 conjicit
1160 3315 1372 3381 affirmantibus,
1455 3337 1459 3398 j

89 3437 96 3454 ’
210 3433 315 3506 docuit,
339 3435 425 3505 atque
441 3431 542 3492 horum
557 3433 729 3502 argumenta
743 3431 894 3502 proposuit
907 3443 1029 3503 moxque
1045 3423 1269 3484 eonmtetiouem
1284 3431 1372 3483 eornm

209 3557 245 3599 ex
264 3538 345 3599 libris
372 3536 399 3596 d.
423 3535 534 3596 Aurelii
555 3533 711 3609 Augustini
734 3534 867 3609 adduxit,
895 3534 948 3592 hos
970 3533 1086 3592 ultimm
1108 3530 1307 3590 misericordes
1327 3537 1372 3594 ap·

209 3645 311 3715 pellan·
332 3644 382 3700 ait
417 3642 478 3700 Nos
498 3646 594 3700 autem
614 3642 702 3701 verbo
725 3641 833 3699 domini
854 3637 940 3698 fidem
960 3637 1068 3696 hahere
1085 3636 1186 3710 jussit,
1211 3635 1283 3693 cern
1303 3621 1373 3704 quod
1455 3632 1457 3696 l

210 3745 292 3802 alecti
307 3747 337 3802 in
352 3748 440 3804 vitam
455 3751 600 3818 aeternam,
624 3745 768 3804 maledicti
784 3749 813 3802 et
826 3744 905 3815 impii
920 3742 1059 3815 inignem
1074 3746 1214 3800 aeternum
1228 3742 1294 3812 post
1306 3735 1373 3794 huuc

210 3847 298 3906 vitam
318 3850 479 3906 concessuri
499 3851 569 3907 sint:
594 3849 745 3908 consulens
763 3849 853 3921 igitur
872 3852 905 3906 ut
923 3862 1062 3906 memores
1083 3860 1209 3904 essemus
1230 3841 1372 3902 verborum

211 3952 318 4012 Christi
341 3955 370 4011 ct
391 3949 484 4009 Deum
506 3967 654 4010 oraremus
676 3955 760 4010 utin
783 3969 853 4014 uera
874 3953 932 4011 vite
955 3952 1085 4024 palmites
1111 3949 1235 4008 fructum
1256 3946 1373 4007 ferentes

210 4049 400 4130 efficeremur,
425 4073 461 4116 ne
475 4056 577 4114 harum
592 4057 733 4114 minarum
748 4059 903 4129 participes
918 4039 1060 4116 fieremus.
1456 4035 1459 4214 4

300 4163 400 4222 Comes
416 4179 434 4220 a
448 4159 566 4218 Nassaw
582 4165 614 4218 et
625 4159 771 4218 Adrianus
786 4176 804 4218 a
818 4160 938 4220 Zertzen
952 4165 1058 4236 rogatu
1072 4158 1193 4220 fratrum
1207 4164 1372 4222 noseorum,
1456 4203 1457 4215 ,

211 4285 274 4342 qnae
289 4277 380 4327 mater
396 4282 494 4325 eorum
509 4265 565 4322 hnc
579 4263 617 4322 de
630 4265 658 4323 vi
674 4269 702 4322 et
718 4263 832 4337 injuriis
848 4265 1121 4324 volchmariensinm
1137 4281 1189 4338 per
1203 4263 1301 4324 literas
1315 4275 1373 4319 con·

212 4377 313 4448 questa
328 4377 404 4446 erat,
419 4371 633 4444 archiepiscopo
648 4368 812 4430 Coloniensi
829 4368 1004 4432 obtulerunt.
1029 4372 1135 4430 Verum
1150 4371 1299 4444 episcopus
1313 4361 1373 4440 ipsis
