2940 4900
126 564 275 640 amicitia,
300 564 488 638 querculum
508 572 617 625 tantum
640 567 795 626 anisolam
810 567 942 626 secunde
962 566 1084 626 iortunae
1100 585 1198 628 aurern
1214 571 1309 642 sequi·

128 675 185 730 tur
200 671 303 747 (prout
315 670 413 733 muudi
429 687 491 731 mos
507 668 563 744 est)
579 672 618 731 ad
632 687 730 732 reram
741 671 897 732 amicitiam
907 671 979 730 nihil
992 669 1069 730 fucit.
1093 673 1166 730 Nam
1181 679 1211 732 et
1225 681 1311 746 poeta

131 776 257 850 quidam
279 775 376 834 dicere
398 776 488 834 novit:
511 776 608 848 Turpe
632 775 745 847 quidem
765 777 860 850 dictu,
881 775 932 834 sed
955 775 1078 836 simodo
1094 792 1163 835 uera
1177 775 1310 850 latemur,

128 881 240 954 vulgus
253 880 394 938 amicitias
415 880 540 938 utilitate
559 879 673 954 probat
711 879 769 940 Ubi
791 897 859 940 vero
875 895 970 938 rerum
995 877 1081 938 iacies
1096 881 1206 938 tristior
1220 897 1309 956 appa·

128 985 238 1057 ruerit,
260 999 344 1042 nemo
359 988 414 1056 est,
436 985 487 1055 qui
501 985 622 1042 amicum
637 989 798 1058 cognoscat,
820 985 893 1042 sieut
907 983 984 1043 idem
999 985 1079 1042 Naso
1094 987 1184 1045 canit:
1211 985 1312 1044 Donec

127 1089 195 1146 eris
215 1085 284 1146 felix
303 1088 407 1148 multos
436 1089 599 1146 numerabis
621 1090 740 1162 amicos,
773 1094 903 1161 tempora
923 1091 948 1146 si
971 1087 1079 1148 herini
1103 1089 1208 1164 nubile,
1233 1091 1310 1148 solus

126 1191 203 1250 eris
237 1191 315 1249 Talis
329 1191 417 1263 igitur
429 1191 566 1265 amicitia,
582 1197 615 1250 ut
628 1191 697 1264 dixi,
713 1192 820 1250 nullius
834 1194 924 1264 precii
940 1199 993 1250 est.
1018 1192 1148 1250 Christus
1164 1200 1260 1253 autern
1277 1199 1310 1253 ut

126 1299 247 1353 remoto
264 1296 340 1352 omni
356 1293 420 1353 fuco
436 1311 503 1370 uere
517 1295 620 1368 diligit,
638 1297 679 1354 ita
694 1311 763 1354 vere
774 1295 928 1354 dilectione
943 1312 974 1354 se
990 1313 1103 1368 quoque
1119 1299 1227 1356 anobis
1242 1315 1309 1372 pro-

130 1399 223 1472 sequi
238 1399 307 1457 ruit.
346 1398 392 1457 Ex
407 1397 607 1459 observatione
620 1405 718 1458 autem
733 1416 842 1472 eorum,
865 1416 929 1472 quae
946 1398 1076 1458 Christus
1091 1403 1237 1474 precepit,
1254 1418 1310 1460 non

130 1503 287 1562 reddimur
301 1505 384 1562 amici
400 1504 515 1564 Cirristi.
538 1505 613 1563 Nam
625 1505 788 1564 observatio
803 1503 865 1562 haec
879 1504 991 1576 signum
1007 1509 1059 1576 est,
1077 1501 1153 1575 quod
1167 1503 1311 1562 Christum

126 1605 332 1682 redamcums,
356 1610 405 1680 qui
425 1625 478 1666 nos
501 1625 536 1666 ex
550 1623 633 1666 mera
652 1607 793 1666 charitate
813 1612 844 1666 et
855 1609 986 1682 gratuita
1007 1608 1204 1668 misericordia
1226 1609 1311 1666 etiam

130 1717 210 1784 tum,
227 1727 291 1769 cum
305 1710 402 1770 adhuc
417 1713 503 1771 alieni
517 1712 554 1770 ab
569 1713 633 1784 ipso
648 1715 678 1769 ct
692 1715 859 1783 peccatores
874 1727 1010 1784 esserum,
1027 1712 1128 1772 dilexit
1144 1718 1198 1772 etc.
1236 1713 1311 1770 Nam

130 1814 335 1876 filiusfamilias
359 1835 417 1876 non
438 1817 569 1876 redditur
590 1815 666 1876 filius
687 1833 722 1874 ex
741 1815 925 1892 observantia
946 1833 1016 1890 erga
1030 1821 1156 1891 patrem,
1187 1817 1239 1875 sed
1250 1818 1310 1890 jam

128 1927 199 1979 tum
213 1919 288 1980 filius
304 1927 350 1981 est
364 1927 394 1980 et
419 1927 504 1996 pater
518 1938 584 1982 aum
598 1919 726 1995 profilia
742 1920 828 1978 ducit.
866 1921 957 1979 Filius
977 1927 1072 1978 autem
1087 1921 1142 1980 hac
1157 1923 1309 1981 observan-

132 2027 181 2086 tia
195 2041 226 2082 se
241 2031 353 2098 patrem
378 2025 498 2098 diligere
518 2025 644 2084 ostendit
657 2031 711 2084 eto.
751 2024 835 2095 Quod
854 2041 968 2098 quoque
991 2043 1027 2084 ex
1049 2025 1097 2084 illo
1120 2030 1209 2100 patet,
1234 2026 1312 2098 qnod

132 2129 269 2189 Christum
280 2129 350 2188 dicit
361 2130 481 2202 »estis«,
493 2146 551 2188 uon
562 2130 694 2188 aerius«.
710 2130 786 2188 Nam
797 2132 821 2188 si
830 2147 900 2190 vera
915 2131 1066 2190 dilectione
1077 2130 1221 2207 Christum
1232 2149 1309 2190 ama-

133 2237 276 2308 verimus,
295 2231 423 2306 profecto
438 2233 500 2290 haee
515 2233 630 2293 dilectio
646 2251 704 2293 non
719 2236 777 2292 erit
789 2239 912 2308 mortua,
929 2235 980 2292 sed
994 2236 1057 2293 voci
1072 2235 1179 2294 Christi
1193 2235 1311 2294 obedire

131 2345 260 2413 sataget.
300 2337 384 2409 duod
400 2355 468 2397 vero
482 2337 571 2412 dixit,
583 2338 704 2414 posthac
717 2356 769 2398 uos
783 2355 841 2398 non
855 2339 920 2397 dico
935 2355 1034 2398 seruos
1049 2345 1113 2411 eta,
1136 2345 1179 2398 est
1194 2341 1310 2398 hinnien-

133 2459 178 2502 aae
194 2442 329 2501 bonilatis
342 2442 447 2502 Christi
458 2459 529 2516 erga
545 2461 600 2502 rme·
612 2445 731 2504 unsaros
746 2444 915 2503 vermiculos
931 2442 1075 2516 indicium,
1091 2459 1154 2500 cum
1170 2445 1309 2502 nosDeus

133 2554 170 2608 et
182 2564 235 2606 rcx
249 2547 316 2606 coeli
331 2553 361 2606 et
372 2551 461 2605 terrae
482 2549 592 2604 auriom
612 2553 709 2620 vooet,
729 2548 779 2620 qui
803 2563 839 2604 ne
854 2547 930 2604 serui
950 2548 1064 2619 quidem
1084 2549 1158 2606 tanti
1173 2549 1308 2620 principis

136 2669 202 2712 esse
216 2668 385 2710 mereamur.
402 2652 500 2711 Simile
515 2660 561 2711 est
573 2658 602 2711 ei
616 2653 680 2724 hoo,
697 2651 775 2724 quod
789 2652 866 2710 idem
880 2651 1013 2710 dominus
1029 2651 1106 2726 dicit,
1123 2669 1235 2710 servum
1251 2670 1308 2712 non

134 2759 210 2817 scire
226 2758 402 2818 voluntatem
429 2759 550 2829 domini,
575 2763 606 2816 at
628 2775 659 2816 se
677 2756 822 2828 discipulis
844 2756 1018 2814 volontatem
1042 2761 1071 2814 et
1086 2757 1193 2828 omnia,
1211 2775 1309 2829 quasa

133 2867 220 2936 patre
234 2863 387 2934 acceperit,
402 2863 600 2920 annunciasse.
644 2861 698 2918 Hic
712 2861 860 2919 Moscuhrs
878 2858 978 2919 docuit
992 2861 1073 2920 uerbi
1092 2859 1179 2920 divini
1194 2861 1308 2920 auditus

132 2982 222 3038 quam
238 2965 415 3022 necessarius
430 2965 478 3022 sii.
516 2966 588 3024 Item
611 2981 697 3038 quam
713 2965 840 3024 salutare
864 2965 915 3038 sit,
940 2965 1015 3022 hanc
1028 2966 1117 3038 patris
1133 2966 1307 3024 voluntatem

132 3069 279 3142 didicisse,
298 3074 327 3126 et
342 3068 418 3140 quod
433 3068 496 3125 haec
514 3069 644 3128 vohuutas
659 3069 773 3128 minime
788 3073 838 3128 aut
849 3085 884 3127 ex
893 3069 1051 3140 parietibus
1061 3070 1144 3143 pictis
1160 3077 1210 3130 aui
1225 3072 1306 3130 auili-

135 3175 189 3234 bns
203 3163 318 3245 iabulis,
335 3171 387 3230 sed
402 3189 438 3231 ex
455 3171 556 3230 auditu
571 3173 713 3245 evangelii
728 3179 759 3232 et
771 3174 866 3232 bibliis
882 3174 971 3232 sacris
987 3175 1143 3246 quaerenda
1159 3177 1204 3232 sit.
1235 3177 1307 3234 item

133 3277 214 3352 quod
232 3295 290 3338 non
303 3275 429 3334 sufficiat
450 3277 526 3335 hanc
544 3278 711 3350 cognovisse
732 3279 863 3348 etesiae,
888 3277 938 3336 sed
959 3282 992 3335 ut
1006 3295 1069 3336 eam
1086 3294 1173 3352 opere
1189 3280 1307 3352 implere

133 3399 286 3455 conemur,
300 3383 383 3454 juxta
398 3381 484 3452 illud,
504 3397 623 3440 »seruus
639 3382 731 3439 sciens
752 3380 926 3438 voluntatem
949 3380 1056 3438 domiui
1076 3387 1105 3438 et
1127 3397 1184 3438 non
1199 3381 1307 3438 faciens

135 3489 229 3561 plagis
244 3485 340 3543 multis
357 3484 535 3557 vapulabit«
553 3485 625 3542 Item
642 3483 718 3555 quod
733 3483 757 3539 si
773 3484 836 3553 quis
851 3499 903 3555 per
918 3483 1056 3538 incuriam
1065 3483 1146 3539 verbi
1161 3498 1307 3552 praecones

133 3593 237 3652 audire
253 3590 352 3660 nollet,
370 3594 398 3646 et
412 3592 508 3647 tamen
521 3585 714 3662 'ignorantiam
729 3585 910 3658 praetendere
925 3585 1002 3657 velit,
1026 3585 1100 3642 hunc
1115 3585 1307 3658 ignorantiam

134 3712 192 3755 nou
207 3709 355 3754 excusare.
389 3685 447 3750 Hic
461 3697 556 3750 autem
572 3692 676 3750 seriam
692 3688 912 3748 admonitionem
927 3687 963 3745 ad
979 3703 1046 3746 oves
1063 3705 1122 3747 suae
1140 3705 1216 3760 curae
1232 3707 1307 3752 conr-

134 3801 237 3858 miasas
252 3799 399 3858 Masculus
415 3797 524 3870 hebuit,
541 3797 650 3855 diceus:
675 3793 802 3865 Majcres
818 3791 914 3850 nostri
924 3793 1014 3852 uelum
1029 3789 1192 3867 habuerunt
1208 3815 1242 3856 ea
1264 3799 1305 3856 fa·

131 3904 246 3976 ciendi,
269 3918 333 3977 quae
357 3899 411 3974 ipsi
434 3901 527 3960 edocti
552 3907 647 3974 erant,
671 3916 733 3957 cum
756 3903 852 3976 tamen
875 3897 937 3955 haec
957 3900 1087 3960 volontas
1102 3902 1157 3964 Dei
1179 3903 1234 3960 illis
1250 3919 1307 3960 uon

135 4007 209 4067 adeo
225 4004 350 4064 dilucide
365 4020 399 4062 ac
414 4005 568 4078 nohisjam
583 4009 749 4063 coruscante
769 3993 910 4076 euangelii
925 4003 997 4076 lucc,
1021 4004 1084 4064 Dec
1098 4006 1162 4062 laus
1177 4005 1304 4076 contigit,

134 4113 263 4172 iudicata
276 4098 374 4188 iuuerit.
409 4109 465 4168 Sed
480 4125 532 4166 nos
546 4108 620 4180 proh
641 4107 723 4168 dolor
744 4112 804 4166 tam
819 4108 946 4180 languidi
961 4114 992 4166 et
1005 4108 1096 4181 tepidi
1111 4114 1217 4178 sumus,
1233 4111 1304 4164 tern-

135 4222 240 4275 nentes
254 4217 367 4272 tanum
382 4211 587 4286 benignitatem
604 4211 659 4270 Dei
673 4229 726 4271 uec
740 4212 799 4270 ullo
812 4212 874 4272 uelo
891 4211 936 4270 rel
950 4211 1006 4270 Dei
1019 4211 1118 4283 gloriae
1134 4215 1184 4268 ant
1199 4215 1305 4272 nostrae

134 4319 238 4388 salutis
252 4317 407 4389 tangimur,
424 4317 553 4389 patribus
566 4316 725 4376 declaratio
739 4318 894 4376 uoluntatis
908 4316 972 4388 Dei,
994 4315 1077 4374 nobis
1091 4317 1170 4376 zelus
1185 4318 1239 4378 Dei
1255 4320 1304 4378 de-

135 4428 191 4480 est.
229 4422 413 4494 Quapropter
427 4437 481 4494 pro
497 4420 720 4480 Christiamore
744 4426 772 4480 et
784 4420 879 4492 gloria
899 4437 950 4478 nos
966 4421 1147 4480 obsecramus
1161 4423 1305 4482 meliorem
