2966 4900
692 309 759 378 217

224 499 422 572 Posteaquam
441 495 471 555 in
492 494 560 556 Sale
578 491 617 556 ed
639 493 835 555 duodecimam
857 491 920 556 fere
939 493 1079 570 piscatum
1098 499 1157 570 est,
1182 496 1213 556 in
1234 511 1310 571 pago

134 602 374 664 Niddcrnhaseln
388 599 542 676 prandium
557 601 735 674 sumpsimus.
759 599 787 660 A
801 600 924 676 prandio
938 615 1038 659 rursus
1053 601 1205 676 piscationi
1218 602 1310 662 indul·

135 709 236 767 simus.
274 707 438 767 Piscatores
453 712 549 780 antem
570 708 645 767 retia
659 704 809 766 duodecim
830 706 1038 781 colligaverunt
1058 709 1088 764 et
1100 707 1216 765 summis
1230 706 1309 766 labo·

134 813 218 872 ribus
233 829 329 886 operae
344 811 502 871 instabant.
525 813 632 872 Verum
647 827 699 870 nec
712 812 836 886 conspici
848 811 963 886 quidem
975 826 1011 870 ne
1026 811 1118 870 dicam
1133 811 1199 885 cepi
1213 826 1310 870 esoces

136 922 282 991 poterant.
326 915 433 976 Uxoris
457 919 488 976 et
508 917 600 976 nostri
626 918 741 978 nomine
769 917 917 978 dimidium
942 915 1085 977 tholorum
1106 915 1137 974 in
1159 917 1310 990 propinem

135 1022 330 1096 piscatoribus
345 1021 484 1082 dedimus.

229 1127 288 1187 Sub
307 1139 458 1201 vesperam
472 1124 671 1201 Wolrgengns
690 1141 784 1185 comes
803 1142 822 1186 a
841 1125 978 1188 Gleichen
992 1125 1212 1188 Rudelstedium
1233 1126 1310 1185 venit

136 1241 167 1294 et
180 1233 268 1292 Anna
282 1249 300 1293 a
316 1231 427 1292 Sebach
441 1247 505 1292 cum
519 1231 692 1292 Volclnnero
707 1249 725 1292 a
739 1233 826 1305 Hayn
840 1233 951 1292 reversi
965 1237 1041 1292 sunt.

227 1336 339 1396 Eadem
358 1335 527 1396 Wilhelmus
547 1337 643 1397 senior
665 1351 760 1396 comes
781 1335 819 1396 ab
837 1337 1011 1411 Henneberg
1033 1335 1099 1397 filiae
1124 1353 1182 1396 sue
1205 1335 1308 1398 (iatha-

136 1446 209 1504 rinae
227 1444 378 1517 accipitres
394 1458 430 1503 ex
443 1441 584 1502 limineioe
599 1443 687 1516 sylvis
702 1447 868 1518 procreatos
882 1441 969 1501 misit.

227 1549 293 1609 Non
308 1549 409 1624 procul
424 1564 441 1608 a
455 1546 667 1608 Nidernhaseln
681 1552 764 1608 trans
779 1545 874 1607 Salam
889 1563 942 1606 arx
953 1547 1159 1619 weissenburg
1175 1550 1204 1605 et
1218 1560 1309 1619 pegus

139 1661 186 1714 est
200 1653 352 1714 Colckwitu
367 1652 503 1713 nobilium
518 1652 554 1712 de
570 1651 681 1712 Thuen.

226 1758 305 1818 Note
321 1757 436 1818 domina
451 1772 550 1818 socrus
564 1764 631 1818 ante
646 1760 736 1818 annos
751 1757 913 1832 quindecim
927 1757 957 1816 in
973 1757 1136 1818 comitatum
1152 1755 1308 1816 Schwartz-

134 1865 212 1939 burg
235 1864 313 1923 venit
332 1863 385 1922 sub
407 1863 575 1924 intestinum
596 1863 703 1924 bellum
726 1862 887 1924 Germanioe
915 1877 969 1936 per
991 1861 1142 1923 seditiosos
1168 1861 1309 1936 agricolas

136 1973 247 2029 motum
262 1983 339 2028 anno
358 1951 452 2028 1525.

227 2072 372 2135 Salveldia
391 2079 421 2133 et
438 2073 575 2148 qnoque
595 2079 638 2134 est
653 2075 739 2150 husius
758 2079 869 2136 tractus
888 2074 927 2136 ad
941 2072 1039 2136 Salam
1058 2076 1125 2135 olim
1148 2074 1264 2135 ditionis
1280 2077 1310 2133 et

131 2181 210 2254 iuris
226 2177 418 2240 Orlemundici
433 2185 463 2240 et
478 2179 717 2256 Schwartzburgii
729 2178 793 2240 init.

228 2285 309 2344 Intra
323 2283 489 2359 oppidulum
503 2283 675 2345 Rudelstadt
693 2301 710 2344 c
729 2284 818 2346 nobili
837 2285 974 2361 prosapia
992 2284 1023 2343 hi
1037 2288 1306 2344 commemorantur:

135 2387 266 2449 ioannes
285 2389 426 2466 Moering,
452 2389 594 2451 Henricus
614 2406 633 2450 a
651 2390 826 2464 Witzloben,
851 2388 1029 2463 Schouieldt,
1050 2387 1190 2462 Georgius
1210 2389 1307 2460 Heise,

136 2492 289 2569 Philippus
304 2511 322 2554 a
337 2496 419 2556 Jene.

226 2599 305 2659 licta
319 2599 355 2660 de
371 2604 527 2676 questore,
552 2599 601 2674 qui
619 2613 684 2658 cum
699 2599 760 2672 jam
775 2600 840 2660 neci
859 2599 1038 2676 adjudicatus
1058 2605 1134 2660 esset
1148 2614 1206 2658 non
1221 2614 1308 2657 unum

136 2701 177 2762 ob
190 2699 298 2762 furtum
313 2708 342 2762 et
356 2705 454 2764 uxoris
469 2709 576 2764 nostre
590 2703 724 2778 precibus
742 2721 760 2764 a
775 2705 891 2765 domina
910 2721 996 2765 socru
1009 2705 1069 2764 vita
1084 2703 1207 2763 donatus
1222 2707 1307 2776 esset,

135 2814 206 2869 ante
226 2824 333 2884 paucos
352 2809 413 2868 dies
427 2809 645 2870 Rudelstedium
664 2811 825 2886 rescripsit,
850 2825 1026 2884 conquerens
1044 2811 1130 2870 cistas
1149 2823 1215 2868 sues
1228 2823 1306 2868 rese·

134 2918 231 2988 retas,
251 2913 360 2975 addens
374 2916 466 2974 minas
488 2919 517 2974 et
532 2916 770 2989 cumiuramento
791 2933 821 2976 se
839 2915 995 2977 adstrinxit
1013 2931 1044 2976 se
1065 2920 1146 2976 trans
1161 2915 1256 2974 Salem
1271 2912 1308 2973 ad

138 3019 289 3080 duodecim
302 3021 427 3080 miliaria
440 3019 629 3082 Rndclstadio
649 3039 708 3081 non
727 3023 1037 3098 appropinquatum,
1060 3025 1157 3080 temen
1175 3021 1206 3078 in
1220 3018 1306 3080 confi·

136 3125 222 3185 nibus
237 3141 269 3184 se
283 3126 419 3186 continet.
443 3125 500 3186 Sed
514 3126 569 3186 boc
583 3124 691 3186 iactum
706 3133 750 3190 est
762 3119 875 3202 corum,
894 3128 944 3202 qui
958 3126 1088 3202 patibulo
1103 3127 1164 3186 nati
1179 3132 1254 3200 sunt,
1276 3128 1308 3184 ut

134 3228 244 3290 furtum
265 3230 398 3291 iterando
418 3237 593 3306 exaggerent
615 3248 649 3292 ec
674 3248 786 3293 crucem
808 3234 838 3292 in
856 3233 961 3293 malam
982 3232 1053 3293 vebs
1075 3231 1149 3292 nobs
1172 3230 1308 3304 suspendi

137 3335 237 3398 velint.
675 3367 679 3374 -

225 3441 255 3500 iv
277 3441 401 3500 Juliiin
420 3442 531 3518 capelle
552 3443 628 3504 ereis
648 3441 784 3503 museus
803 3442 898 3503 Draco
918 3442 1025 3502 Psalmi
1044 3443 1104 3499 119
1130 3440 1307 3499 octonarium

135 3548 184 3608 vel
197 3547 366 3620 particulam
382 3547 520 3608 decimam
540 3549 668 3622 quintam
686 3545 814 3620 ejusdem
833 3547 935 3620 psalmi
954 3545 1113 3619 enarravit,
1136 3545 1183 3606 cui
1197 3545 1308 3604 initium

136 3657 194 3712 est:
217 3653 334 3726 Iniquos
349 3651 416 3713 odio
430 3653 532 3728 habui,
554 3653 649 3727 legem
664 3657 761 3712 autem
777 3639 858 3710 tuem
872 3648 968 3709 dilcm
1006 3649 1061 3709 Hic
1075 3650 1173 3712 docuit
1188 3650 1224 3710 dc
1238 3667 1308 3711 nero

135 3771 192 3816 usn
206 3757 285 3818 verbi
303 3757 349 3816 dei
364 3763 394 3816 et
407 3757 510 3820 horum
525 3771 658 3820 versuum
671 3754 819 3817 octoadem
831 3757 863 3843 in
876 3755 948 3815 duas
963 3757 1117 3818 summulas
1133 3757 1238 3831 diuisit,
1255 3759 1309 3818 sci·

134 3863 203 3922 licet
217 3879 281 3936 quae
296 3863 334 3922 sit
347 3867 453 3922 nature
464 3862 511 3922 vel
524 3864 608 3937 quale
619 3861 765 3938 ingenium
778 3876 887 3936 eorum,
902 3860 1005 3936 quibus
1022 3862 1070 3924 dei
1082 3866 1169 3925 timor
1184 3870 1214 3924 et
1228 3878 1309 3922 umor

135 3966 219 4026 verbi
232 3970 323 4042 inest,
346 3972 376 4028 et
390 3983 454 4042 quae
469 3966 615 4028 horribilis
629 3984 716 4043 poena
731 3983 782 4028 eos
795 3972 925 4042 maneat,
952 3969 1001 4042 qui
1016 3973 1045 4028 ct
1063 3966 1138 4029 falsa
1160 3968 1265 4027 docent
1280 3972 1309 4026 et

134 4072 312 4146 hypocritico
327 4072 430 4145 spiritu
444 4078 520 4133 sunt.
545 4072 659 4133 Tribuit
674 4088 788 4147 qnoque
802 4073 913 4134 timenti
926 4073 1011 4133 deum
1024 4088 1090 4131 suas
1105 4071 1307 4148 proprietates,

136 4177 203 4236 odio
218 4177 325 4236 habere
340 4178 470 4238 inimicos
484 4178 553 4252 quid
568 4180 614 4252 sit,
630 4184 660 4239 et
675 4179 738 4252 quis
750 4177 836 4252 hujus
845 4179 903 4241 odii
916 4175 994 4250 linis3
1010 4178 1084 4236 Item
1094 4177 1213 4250 diligere
1223 4176 1306 4242 deum

138 4287 168 4342 et
182 4281 275 4356 legem
296 4281 417 4357 domini3
441 4285 514 4343 item
536 4282 613 4357 quod
634 4283 699 4358 pins
721 4298 804 4344 omne
825 4282 990 4357 presidium
1008 4281 1062 4344 soli
1084 4281 1138 4341 deo
1160 4285 1308 4356 acceptum

138 4383 257 4460 releret;
273 4383 374 4462 lugere
390 4389 536 4452 consortia
550 4390 698 4465 melorum,
714 4403 819 4466 rogare
834 4393 867 4449 ut
876 4391 1062 4451 conservetur
1075 4385 1106 4448 in
1119 4386 1216 4448 uerbo.
1240 4387 1309 4449 Sex·
