2966 4900
765 355 830 420 ele

300 537 766 614 OptimusBaumgartenernsprae
777 537 864 594 nimia
874 537 1104 596 consideratione
1115 535 1368 607 horumtemporun

211 651 242 704 ct
255 660 352 704 rerum
374 646 458 718 quasi
475 644 544 704 tabe
563 639 720 702 eonfidtur.
762 640 900 702 Dedimus
920 642 1019 702 liberis
1033 643 1094 703 Viti
1118 641 1258 716 pauculos
1276 639 1370 710 aliquot

212 767 341 810 nummos
356 752 386 809 iu
400 762 613 822 mnemosynon.

300 855 411 916 Eadem
425 853 649 928 christophorus
665 853 758 912 Furer
777 855 808 912 in
830 854 985 914 crastinum
1003 855 1189 927 octingentos
1205 847 1372 924 septuaginta

212 963 338 1036 quinque
352 961 494 1033 thaleros,
518 959 567 1032 qui
584 956 693 1018 iaciunt
707 975 844 1018 summam
864 959 941 1018 mille
959 955 1136 1018 florenorum
1153 954 1309 1016 communis
1321 967 1371 1009 mo·

211 1072 288 1125 netae
307 1079 339 1124 se
362 1069 494 1139 prompte
517 1063 599 1123 nobis
620 1064 775 1124 missurum
793 1065 917 1139 recepit,
941 1066 1018 1140 quod
1033 1065 1176 1126 etaltera
1190 1061 1239 1121 die
1253 1055 1374 1134 praestitit

211 1186 264 1247 per
278 1171 400 1230 Paulum
415 1168 567 1229 Leitschir.

300 1277 328 1336 A
342 1291 425 1337 coena
439 1293 533 1336 comes
554 1278 735 1351 aRethbarg
755 1282 785 1336 et
806 1291 863 1350 ego
884 1280 965 1334 extm
985 1280 1099 1350 portam
1121 1271 1299 1332 munitiones
1316 1280 1372 1340 per·

212 1384 365 1456 speximus.
398 1384 477 1442 Nota
499 1385 529 1442 in
544 1383 746 1444 munitionibus
760 1381 835 1442 arcis
851 1380 976 1454 quinque
991 1378 1102 1453 lapides
1118 1379 1240 1437 caelatos
1255 1377 1373 1434 constare

211 1487 322 1549 floreno
345 1504 416 1562 uno,
439 1495 473 1547 ut
486 1488 568 1548 uobis
583 1490 608 1547 is
623 1489 730 1562 retulit,
761 1486 965 1560 quitationem
980 1481 1094 1544 aedificii
1113 1485 1209 1544 totius
1230 1479 1373 1555 quoquest

211 1609 358 1653 murorum
374 1599 404 1652 et
418 1599 566 1683 portarum
581 1594 747 1668 perscripsit
761 1597 791 1651 et
804 1589 1010 1663 computationi
1024 1586 1168 1650 interfuit.

300 1697 338 1757 u.
354 1697 522 1759 deductore
539 1700 641 1759 sitan
656 1705 685 1758 et
700 1698 801 1757 comite
816 1697 852 1756 de
868 1695 1009 1768 selburg.
1114 1682 1117 1688 ’

299 1802 377 1876 xxvij
393 1803 473 1862 Junii
496 1820 589 1863 comes
609 1803 788 1876 allethberg
809 1803 865 1860 iter
884 1800 1053 1876 ispaniam
1072 1801 1210 1876 arripuit.
1248 1796 1314 1855 Dux
1326 1793 1372 1851 vie

210 1907 306 1990 illisit
319 1907 448 1979 angelus,
464 1909 514 1980 qui
528 1907 667 1968 Jacobum
682 1908 875 1983 patriarcham
890 1905 1018 1966 deduxit.
1045 1905 1163 1966 Eubulo
1178 1903 1313 1966 Liberius
1327 1913 1368 1956 ex·

211 2012 368 2086 pectendus
384 2015 455 2070 erat.

298 2115 412 2175 Deinde
426 2115 556 2176 Eubulus
574 2117 605 2174 in
624 2118 731 2193 templo
752 2123 844 2178 sancti
867 2119 984 2193 spiritus
1006 2118 1172 2176 concionem
1193 2128 1306 2176 samam
1324 2106 1370 2166 viri

209 2221 356 2294 cujusdam
377 2219 566 2282 adolescentis
586 2220 637 2280 sed
656 2220 787 2282 doctrina
807 2227 838 2282 et
862 2222 1023 2297 eloquentia
1047 2223 1113 2281 cani
1136 2221 1268 2292 audiuit,
1294 2226 1371 2287 super

209 2327 272 2386 haec
286 2328 374 2388 verba
389 2345 412 2386 s.
429 2327 513 2387 Pauli
527 2327 634 2403 Ephes.
653 2330 682 2388 3.
716 2328 829 2402 »Hnjus
852 2331 896 2387 rei
914 2328 1007 2402 gratia
1025 2325 1109 2385 flecto
1133 2329 1233 2401 genua
1257 2335 1319 2380 mea
1336 2314 1370 2374 ud

209 2439 321 2506 patrem
336 2434 445 2493 domini
459 2434 550 2492 nostri
564 2435 583 2493 J
585 2450 636 2492 esu
651 2433 770 2509 Christi,
793 2451 830 2493 ex
844 2450 902 2507 quo
918 2435 1009 2493 omnis
1024 2450 1043 2492 a
1057 2434 1201 2492 communi
1214 2433 1299 2506 patre
1312 2438 1367 2494 003·

210 2540 289 2600 natio
304 2539 335 2597 in
350 2539 431 2598 coelis
446 2544 475 2598 et
489 2541 519 2597 in
533 2543 613 2626 tarra
626 2540 802 2614 nominatur,
827 2545 860 2599 ut
881 2541 930 2600 det
948 2538 1029 2598 vobis
1046 2539 1129 2611 juxta
1148 2537 1266 2598 divitias
1279 2528 1367 2608 [gloriae

209 2659 278 2717 suae,
294 2649 328 2703 ut
340 2639 508 2704 fortitudine
524 2644 746 2704 corroboremini
760 2646 957 2719 perspiritum
971 2659 1054 2702 suum
1074 2645 1105 2702 in
1126 2645 1274 2703 internum
1287 2632 1367 2696 honi·

209 2765 284 2824 nem,
299 2754 333 2808 ut
347 2749 488 2808 inhabitet
503 2748 633 2809 Christus
654 2765 706 2824 per
726 2747 812 2810 fidem
831 2752 862 2808 in
875 2749 1008 2809 cordibus
1023 2749 1136 2822 vestris,
1157 2747 1225 2808 fixis
1239 2748 1270 2806 in
1283 2737 1365 2800 chari-

207 2857 268 2912 tate
282 2854 426 2914 radicibus
441 2861 471 2914 et
485 2852 669 2914 fundamento
681 2856 776 2929 jacto,
792 2861 825 2913 nt
838 2855 956 2914 valeatis
971 2856 1105 2927 assequi«
1122 2857 1175 2914 etc.
1199 2855 1258 2912 Hic
1271 2843 1364 2913 dcccii

209 2956 278 3028 quid
293 2962 369 3015 esset
381 2957 468 3032 fides,
495 2974 559 3030 quaa
580 2961 641 3032 ejus
665 2965 769 3019 natura
789 2960 836 3020 vel
857 2957 998 3034 efficacia,
1021 2965 1051 3019 et
1064 2957 1208 3032 quomodo
1223 2957 1365 3019 demamus

208 3059 335 3118 radicem
355 3063 386 3119 in
408 3061 551 3120 Christum
571 3065 698 3135 mittere,
727 3065 856 3140 exemplo
880 3066 992 3126 arboris
1014 3065 1154 3138 robustae,
1179 3079 1246 3136 qnae
1265 3056 1364 3120 radices

208 3178 275 3222 suas
289 3168 375 3223 terrae
390 3162 467 3238 figit,
487 3163 574 3225 flante
590 3166 679 3226 borea
693 3173 722 3227 et
735 3166 854 3229 reflante
869 3171 955 3230 cacia
969 3169 1120 3230 immobilis
1134 3173 1242 3228 manet.
1279 3163 1364 3233 Atque

206 3269 281 3329 inter
296 3270 520 3331 concionandum
533 3270 610 3332 inter
623 3271 695 3330 alios
710 3274 859 3348 scripture
880 3276 958 3335 locos
979 3275 1040 3335 fere
1054 3281 1147 3335 totum
1161 3275 1301 3349 psalmum
1313 3263 1362 3340 pri·

205 3392 282 3438 mum
296 3377 343 3438 vel
357 3383 389 3438 ut
404 3378 454 3438 alii
469 3378 555 3438 etiam
571 3378 681 3439 classici
696 3378 832 3440 authores
854 3383 981 3442 scribunt
995 3381 1135 3456 psalmum
1150 3379 1306 3438 secundum
1318 3383 1361 3428 ex·

205 3484 341 3557 planavit.
380 3487 452 3545 Item
467 3501 531 3559 quse
546 3501 633 3562 poena
648 3486 688 3545 eis
700 3487 830 3560 maneat,
852 3487 901 3560 qui
919 3486 1030 3546 radices
1051 3483 1123 3544 fixas
1138 3484 1168 3541 in
1185 3482 1297 3542 Christo
1311 3487 1361 3536 noll

205 3587 341 3649 habeant.
363 3591 436 3650 Item
451 3591 487 3651 de
501 3591 709 3666 ingratitudine
724 3595 824 3651 nostra
839 3606 909 3665 erga
917 3591 1001 3650 deum
1011 3595 1040 3649 et
1055 3591 1116 3663 eius
1128 3589 1256 3662 verbnm,
1273 3594 1360 3662 quam·

205 3690 305 3749 obrem
319 3699 348 3752 et
361 3694 423 3752 haec
438 3698 599 3771 persecutio
614 3697 696 3758 nobis
711 3697 855 3770 acciderit,
873 3702 902 3756 et
916 3695 1100 3757 adamussim
1115 3695 1229 3768 singula
1241 3683 1360 3753 leodonis

204 3793 293 3853 verba
307 3797 452 3855 excutiens
476 3800 647 3860 hortabatur
666 3803 802 3876 populum
823 3801 861 3862 ad
882 3801 1081 3877 poenitentiam
1101 3804 1131 3859 et
1144 3798 1254 3858 fructus
1269 3781 1361 3869 dignus

202 3898 380 3973 penitentie
396 3904 425 3958 et
440 3900 479 3980 ad
492 3899 559 3961 fidei
575 3906 763 3966 constantiam
779 3923 814 3966 ae
828 3907 865 3967 ad
878 3905 1080 3966 ratificandum
1094 3903 1282 3964 inchristum.
1297 3899 1358 3960 Per·

201 4004 309 4080 placuit
328 4004 410 4065 nobis
432 4005 463 4062 in
483 4004 539 4062 hoc
560 4007 636 4080 viro,
656 4009 745 4080 quod
770 4028 833 4070 oum
859 4014 949 4078 crassi
977 4012 1019 4069 illi
1043 4010 1130 4070 boves
1145 4016 1175 4069 et
1192 4009 1269 4070 tauri
1288 4013 1360 4068 ovem

202 4107 309 4171 Christi
334 4111 432 4172 balare
453 4107 491 4169 ob
515 4106 671 4169 terrificum
690 4113 805 4172 interim
824 4119 982 4190 vetuerint,
998 4115 1088 4188 forte,
1104 4130 1141 4174 ne
1156 4131 1174 4174 a
1188 4111 1358 4174 rhinocerote

200 4219 230 4272 et
243 4223 425 4277 monocerote
445 4217 539 4276 latera
560 4231 660 4274 eorum
679 4216 867 4294 tondeantur,
888 4221 1036 4294 timentes,
1060 4235 1131 4280 uoce
1145 4219 1234 4279 alacri
1249 4214 1360 4295 ipsemet

198 4315 346 4391 Asophum
360 4323 406 4381 vel
420 4321 525 4381 Iditum
539 4335 627 4394 agens
650 4321 798 4396 aleariter,
824 4325 992 4386 concinente
1007 4325 1141 4399 ecclesia,
1162 4324 1287 4384 cantauit
1300 4331 1358 4380 can·

198 4424 286 4484 ticum
300 4424 430 4504 Lutheri,
455 4443 511 4502 quo
533 4429 644 4503 petitur
665 4433 698 4487 ut
720 4425 850 4490 Christus
873 4431 1021 4492 ecclesiam
1043 4446 1125 4494 suam
1147 4435 1249 4492 contra
1270 4427 1359 4491 muh⁰⁶
