2940 4900
677 314 741 384 tte

109 513 194 573 genu
210 502 240 558 st
253 498 345 558 omnis
359 498 457 573 dogne
466 498 529 559 Deo
543 494 735 558 confitebitur.
762 496 917 574 Videbunt,
933 499 1067 575 sentient,
1083 504 1112 570 et
1127 500 1291 576 centuplum

109 604 153 664 eis
168 603 202 662 in
216 603 310 664 sinum
325 617 424 664 eorum
438 603 624 664 retribuetur.
656 601 789 677 Domine,
804 601 921 677 ignosce
936 608 967 663 et
980 604 1062 667 nobis
1078 609 1108 665 et
1121 605 1187 666 illis.

203 706 275 768 dum
290 707 378 768 dudm
393 709 472 784 optio
488 709 581 784 detur,
598 723 657 767 non
672 707 749 781 quod
764 714 870 784 optem,
886 710 956 769 Jesu
973 707 1094 786 Christe,
1111 712 1222 786 ignoro,
1239 711 1291 774 sed

108 813 163 886 qui
181 818 276 886 optem
289 814 407 889 haesito,
432 829 490 876 non
505 815 580 877 enim
595 813 673 888 quod
688 815 797 888 petitur
810 811 964 888 profertur.
1004 816 1091 876 Faxit
1111 832 1179 878 vero
1202 814 1290 876 domi-

109 935 166 978 nus
183 919 331 980 nobiscum
347 923 377 980 et
391 920 513 981 nominis
527 920 571 980 sui
586 920 760 981 sacrosancti
781 919 903 993 glorium
923 920 1014 996 plebis
1034 937 1105 980 mere
1125 919 1194 981 fidei
1213 937 1288 982 com-

107 1024 206 1084 misse
221 1021 380 1099 proiectum
396 1030 426 1084 et
439 1025 583 1086 uxorculae
598 1041 632 1086 ee
647 1030 754 1084 nostres
772 1021 784 1060 ¹
799 1025 929 1085 sulutem.
967 1025 1038 1085 Hmc
1053 1031 1149 1086 autem
1167 1028 1208 1085 74
1229 1025 1290 1086 dies

108 1133 168 1203 est,
193 1145 280 1204 quem
301 1128 438 1204 Auguste
460 1129 604 1203 trivimus,
629 1129 729 1190 eddito
749 1135 846 1190 umen
865 1136 995 1205 tempore
1015 1129 1093 1204 quod
1112 1147 1130 1191 n
1149 1131 1290 1194 Wcldeck
1382 1137 1388 1147 “

108 1249 204 1308 usque
219 1234 259 1295 sd
273 1234 433 1309 Augustam
447 1236 478 1294 in
492 1234 596 1295 itincre
611 1236 782 1309 peregimus.

199 1339 259 1413 xvij
274 1339 362 1399 Junii.
393 1340 427 1399 In
443 1339 505 1400 ede
520 1339 657 1400 Macrim
672 1357 756 1400 secra
770 1341 797 1398 is
815 1341 864 1415 qui
888 1341 918 1398 in
939 1339 993 1398 hoc
1012 1338 1118 1400 ibidem
1138 1339 1288 1400 ordinetus

107 1450 141 1504 ut
154 1445 286 1518 posmnc
300 1445 472 1506 ecdesiostae
487 1459 589 1504 munus
606 1445 705 1522 obeet,
729 1450 816 1521 ceput
834 1447 872 1503 19
888 1443 1021 1504 Mettbaei
1040 1444 1124 1518 legit,
1149 1459 1183 1503 co
1203 1445 1288 1504 solito

107 1563 193 1609 more
212 1550 360 1612 cecleeiem
380 1550 418 1611 cd
438 1547 644 1611 confessionem
664 1554 693 1610 et
713 1533 938 1611 obsecretionsm
950 1549 1083 1608 hortetus
1099 1554 1151 1608 est.
1175 1548 1288 1610 Deinde

107 1654 136 1715 d.
147 1653 299 1716 Masculus
309 1671 346 1715 ex
358 1671 421 1731 esp.
436 1657 476 1714 15
485 1656 606 1716 Joennis
621 1671 709 1731 super
723 1654 786 1714 baec
799 1652 902 1714 verba:
929 1653 1122 1714 «Mementote
1137 1655 1286 1727 sermonis,

109 1775 198 1832 quem
213 1774 266 1834 ego
281 1759 341 1820 dixi
355 1759 445 1834 vobis,
461 1776 519 1820 non
535 1767 579 1822 est
592 1777 692 1822 servus
707 1761 799 1834 mojor
819 1759 934 1820 domino
949 1773 1009 1818 suo.
1042 1757 1072 1817 si
1086 1774 1131 1818 me
1145 1759 1288 1832 persecuti

107 1870 192 1939 sunt,
215 1869 245 1924 et
258 1880 309 1926 vos
324 1872 548 1940 persequentur,
570 1868 797 1947 siservevernnt
811 1880 971 1925 sermonem
985 1879 1093 1937 meum,
1116 1869 1147 1924 et
1161 1868 1287 1925 vestrum

108 1970 276 2031 servabunt.
316 1970 374 2030 Sed
395 1969 459 2030 haee
477 1972 574 2032 omnio
592 1970 700 2032 ieeient
719 1970 800 2030 vobis
823 1975 943 2050 propter
964 1985 1068 2029 nomen
1087 1984 1201 2050 meum,
1219 1971 1287 2043 quia

108 2080 320 2136 nonnoverunt
335 2091 399 2136 eum
414 2077 464 2149 qni
478 2077 556 2136 misit
570 2091 633 2136 me»
653 2073 849 2150 [concionatus
865 2070 955 2150 est].²
970 2074 1026 2133 Hic
1040 2075 1132 2149 primo
1147 2076 1198 2150 eit,
1215 2092 1285 2149 quo·

108 2179 195 2242 modo
210 2178 341 2242 Christus
355 2197 421 2242 suos
436 2182 602 2255 preemuniri
619 2181 709 2240 voluit
724 2181 802 2240 bisce
817 2184 847 2240 et
862 2180 1000 2240 similibus
1021 2179 1198 2242 sermonibus
1218 2196 1285 2241 con·

107 2292 154 2346 tra
177 2287 332 2348 instantem
354 2289 588 2360 persecutionem.
632 2283 825 2358 Mementote,
853 2285 949 2358 inquit
972 2283 1116 2358 Christus,
1146 2288 1285 2346 eumenis

109 2407 195 2464 quem
210 2407 264 2467 ego
280 2391 340 2452 dixi
355 2392 436 2453 vobis
448 2390 579 2466 (scilieet
598 2391 672 2465 ejus,
694 2406 778 2465 quem
801 2393 868 2464 post
888 2389 1024 2450 lotionem
1044 2388 1149 2462 pedum
1168 2389 1225 2448 illis
1245 2389 1286 2448 di-

108 2495 205 2572 xerat)
221 2503 251 2557 et
264 2498 318 2558 boc
332 2499 395 2558 loco
409 2497 526 2572 repetiit
545 2495 719 2569 «discipulus
735 2511 793 2554 non
809 2498 853 2578 est
867 2509 955 2568 sopra
974 2497 1174 2566 megistrum».
1205 2494 1287 2554 Fecit

109 2603 185 2670 enim
200 2602 331 2662 dominus
345 2602 420 2663 idem
436 2601 513 2677 apud
529 2600 699 2662 Mettbaeum
715 2601 807 2674 capito
826 2602 876 2658 10.
912 2596 1058 2658 Delicatus
1074 2602 1170 2656 eutem
1185 2614 1285 2658 servus

8 2769 9 2785 ,
109 2709 146 2766 sit
159 2712 291 2781 oportet,
313 2709 361 2780 qui
377 2722 414 2767 ee
427 2703 547 2768 sufferre
562 2706 643 2779 nollt,
660 2721 724 2778 quse
740 2703 819 2764 videt
833 2702 946 2763 domino
963 2701 1102 2762 accidere.
1134 2701 1191 2762 Sed
1205 2703 1286 2762 Mus·

8 2881 9 2884 Ἴ
109 2812 192 2872 culus
206 2810 279 2872 adeo
294 2812 340 2886 pie
355 2825 390 2871 ee
405 2812 489 2872 docte
505 2809 542 2870 ed
557 2811 748 2872 eruditionem
764 2811 854 2868 nostri
875 2807 970 2867 omnio
990 2807 1227 2882 accommodavit,
1253 2814 1286 2868 ut

8 2975 9 2990 ἶ
109 2931 205 2976 mcum
219 2931 278 2976 non
292 2917 330 2977 sit
345 2917 441 2976 omnia
455 2914 643 2991 perscribere.
676 2914 705 2974 Si
726 2931 771 2974 me
790 2915 933 2986 persecuti
955 2911 1062 2972 inermt
1083 2918 1137 2972 ete.
1169 2913 1225 2972 Hic
1244 2915 1286 2972 eit

7 3095 8 3098 Ἴ
110 3022 336 3094 persecutionem
346 3021 457 3082 exodio
472 3018 613 3095 proficisci
629 3035 682 3079 nee
697 3035 759 3079 esse
774 3035 844 3093 rem,
861 3033 925 3091 qnae
939 3016 1056 3078 modum
1070 3033 1187 3078 seruere
1202 3019 1283 3078 sciet.

7 3109 9 3150 ⁵
109 3124 187 3186 Nam
201 3125 270 3201 quid
283 3141 342 3186 non
356 3126 536 3186 contumelio
551 3129 581 3185 in
603 3124 747 3184 Obristum
767 3121 969 3185 contulerunt?
1007 3123 1154 3198 Numquid
1175 3141 1233 3184 non
1255 3124 1285 3183 in

110 3227 205 3290 Deum
218 3230 463 3306 blasphemarunt,
480 3247 545 3290 eum
560 3228 686 3290 dicentes
702 3231 906 3290 samaritanum
922 3229 1092 3289 doemonium
1111 3227 1284 3290 habentem?

111 3341 164 3396 etc.
195 3335 238 3396 Ac
252 3335 374 3409 denique
390 3336 555 3410 turpissima
570 3334 662 3396 crucis
677 3340 770 3394 morte
783 3350 849 3394 enm
863 3336 1046 3407 interimunt,
1070 3340 1101 3393 et
1114 3333 1145 3392 id
1160 3349 1284 3406 quonam

112 3437 146 3500 de
161 3455 249 3500 oense
262 3443 318 3500 nisi
334 3439 422 3500 odio?
446 3439 503 3501 Sed
517 3440 619 3514 eujus?
649 3441 791 3500 Nimirum
806 3440 944 3498 veritatis.
979 3438 1009 3496 Si
1030 3437 1116 3512 igitur
1138 3435 1282 3494 Christum

112 3542 254 3610 dominum
268 3539 411 3619 persecuti
427 3552 504 3620 sunt,
527 3561 595 3605 num
610 3544 758 3619 discipulis
772 3541 945 3618 parcerent?
976 3539 1061 3614 Quod
1075 3544 1104 3598 et
1118 3536 1225 3599 iactum
1239 3541 1281 3597 vi·
1341 3580 1345 3588 .

101 3649 208 3736 demus
222 3666 275 3710 nec
289 3665 392 3711 novum
408 3650 542 3710 attidem
556 3651 656 3725 piisin
671 3647 846 3708 boemundo
861 3644 999 3706 occidere.
1028 3642 1107 3703 Dicit
1122 3648 1217 3704 nutem
1236 3651 1285 3705 «et

112 3760 414 3829 responsoriorum»,
430 3771 488 3815 non
503 3754 573 3814 dicit
585 3759 651 3828 post
664 3752 754 3812 multe
768 3757 907 3826 temporo,
924 3750 976 3810 sed
990 3766 1042 3824 per
1050 3750 1284 3810 accelerationem

113 3865 320 3932 persequentur
334 3861 390 3934 eit,
414 3876 442 3932 q.
460 3859 502 3920 d.:
526 3861 593 3920 Jem
607 3876 682 3919 nune
701 3858 846 3933 incipient.
877 3855 917 3916 At
936 3855 1013 3916 dices
1036 3855 1198 3929 praedicabo
1220 3857 1282 3929 qui·

114 3961 175 4022 dem
189 3963 368 4040 cvangdium
381 3965 425 4024 ite
439 3970 472 4024 ut
486 3964 631 4028 enemine
645 3962 848 4038 comprehendi
867 3962 958 4036 possit
978 3967 1008 4022 et
1028 3963 1171 4035 mculpate
1191 3962 1283 4019 vivam

113 4082 163 4126 neo
181 4069 241 4130 ulle
261 4071 317 4150 erit
336 4069 393 4128 illis
413 4069 526 4129 occasio
545 4085 591 4130 me
611 4069 812 4145 persequendi.
849 4066 925 4140 Quid
945 4072 1041 4127 eutem
1063 4063 1168 4125 audio?
1206 4062 1283 4121 Num

114 4171 279 4251 illoeliquis
294 4175 421 4248 sanctior
435 4175 502 4235 vitoe
517 4175 680 4272 innocentie
699 4173 812 4239 Christo
834 4171 946 4250 mejorl
969 4175 1020 4232 aut
1040 4166 1160 4229 dicendo
1181 4166 1283 4242 lenior,

687 4307 704 4342 t

156 4456 161 4462 Ι
188 4397 210 4474 l.
222 4405 254 4444 se
271 4389 493 4452 dlioleuostre?
566 4395 581 4444 2
602 4391 659 4444 Das
678 4367 910 4460 eingcllsmmcrtc
928 4385 995 4440 tehlt
1012 4386 1040 4436 in
1058 4383 1104 4436 der
1121 4382 1162 4438 hs.
