3028 4894
694 329 738 400 78

133 517 205 578 disse
217 517 329 577 literas.
370 513 401 576 Si
421 513 509 591 igltnr
522 514 594 589 qnid
605 513 653 575 ed
666 511 782 576 affinem
797 521 848 574 aut
862 521 991 575 sororem
1006 514 1132 575 scribere
1147 517 1241 590 velim,
1265 517 1296 576 se

133 623 314 683 bbentissime
329 622 400 696 ipsis
414 621 514 680 literas
528 621 691 680 allaturum.

215 727 368 801 Quoniam,
384 725 587 801 benignissime
601 731 694 801 pater,
711 727 795 786 bodie
810 742 864 800 per
876 741 1038 801 praeconem
1052 727 1134 786 verbi
1154 728 1198 792 tui
1213 727 1297 799 iuxta

132 833 326 908 prescriptum
342 833 414 906 elus,
429 847 513 904 quem
528 831 619 890 solum
633 846 685 891 noe
699 831 800 890 andire
812 831 932 904 jussisti,
947 828 1115 890 benefacere
1130 834 1217 890 etiam
1230 847 1296 905 per·

133 938 311 1012 sequentibus
332 951 385 996 nos
407 935 501 996 edocti
524 951 635 1009 sumne,
660 940 692 994 te
716 936 882 1010 suppliciter
907 936 1094 1011 deprecamur
1120 926 1318 1013 (figmentum

132 1041 200 1119 enim
215 1047 350 1103 noenum
364 1039 463 1116 nosti),
480 1041 518 1102 da
532 1041 615 1100 nobis
629 1041 761 1115 spiritum
775 1045 855 1100 tunm
870 1041 974 1100 bonum
996 1048 1026 1100 et
1040 1055 1103 1100 eam
1117 1047 1249 1114 mentem,
1265 1046 1297 1100 nt

132 1153 275 1221 sperantes
290 1148 323 1206 in
337 1151 368 1206 te
382 1145 527 1220 proximos
550 1159 677 1206 ememus
700 1152 730 1204 et
744 1145 872 1206 odientes
892 1155 945 1205 nos·
959 1144 1164 1207 benefaciendo
1179 1163 1296 1221 snpere-

131 1269 197 1328 mns,
213 1267 266 1326 per
282 1251 384 1312 Jesnm
400 1249 545 1310 Christum
559 1247 713 1310 Dominum
728 1256 867 1311 nostmm.
890 1249 991 1310 Amen.

215 1358 266 1432 viij
282 1355 360 1430 maji
374 1357 405 1416 in
420 1356 552 1416 coenobio
566 1357 708 1414 minorum
718 1355 843 1429 qnidam,
859 1357 941 1429 cujm
955 1371 1058 1414 nomen
1072 1356 1141 1416 mibi
1156 1358 1296 1430 ignotum;

133 1477 166 1521 er
180 1477 241 1536 cap.
258 1463 281 1520 ii
293 1462 383 1520 Lucae
390 1459 584 1534 Evangelistee
599 1459 812 1534 paragraphum
826 1459 902 1518 hunc
915 1460 1000 1533 legit:
1027 1459 1085 1518 «Et
1098 1459 1140 1520 eit
1153 1459 1219 1532 illis,
1235 1460 1298 1532 quis

132 1571 251 1626 vestrm
266 1566 388 1627 hebebit
401 1567 537 1638 amicum,
547 1552 599 1626 ''ad
619 1581 704 1639 quem
728 1569 775 1624 eat
788 1563 883 1623 medie
898 1569 981 1623 nocte
996 1569 1026 1623 et
1040 1564 1118 1624 dicat
1131 1564 1182 1638 illi,
1199 1566 1297 1637 antica,

135 1670 168 1731 de
181 1673 371 1740 mihimutuo
385 1676 445 1730 tres
460 1685 559 1745 panes,
576 1671 711 1744 quoniam
731 1670 838 1728 amiens
859 1684 938 1727 mens
953 1669 1032 1728 venit
1046 1669 1082 1729 de
1096 1670 1143 1726 via
1158 1669 1196 1728 ad
1210 1685 1255 1728 me
1270 1675 1300 1728 et

132 1791 185 1838 nou
198 1775 293 1837 habeo
312 1775 544 1851 quodepponem
553 1775 603 1849 illi,
622 1781 652 1838 et
667 1775 714 1834 ille
728 1775 806 1833 intus
821 1773 1012 1848 respondeat»
1025 1778 1080 1833 eto.
1095 1780 1125 1834 et
1138 1774 1298 1849 proximum

131 1881 193 1942 hnic
212 1883 375 1944 adherenti
392 1879 484 1960 (emi)
500 1881 727 1956 paragraphum:
758 1878 817 1938 «Et
832 1878 896 1939 dice
910 1878 1003 1950 uobis,
1028 1878 1117 1952 petite
1139 1883 1169 1939 et
1183 1879 1299 1939 dabitur

134 1987 219 2060 robis,
243 1987 367 2062 querite
390 1993 420 2046 et
437 1988 604 2060 invenietis,
629 1986 742 2060 pulsate
762 1989 791 2043 et
810 1985 956 2059 aperietur
971 1984 1060 2043 uobis.
1099 1983 1198 2043 Omnis
1213 1986 1297 2056 enim,

134 2095 179 2166 qui
193 2094 278 2168 petit,
294 2091 408 2166 accipit,
424 2096 455 2150 et
468 2091 518 2164 qni
532 2087 758 2163 praetimere
771 2093 802 2148 et
816 2089 943 2162 pulsanti
956 2090 1134 2162 aperietur«
1156 2089 1300 2148 Disseruit

131 2198 214 2276 igitur
229 2197 266 2258 de
291 2195 510 2256 meticulositete
536 2199 647 2256 naturae
668 2195 775 2254 veteris
796 2194 888 2254 nostri
900 2194 1004 2254 Ademi
1022 2196 1056 2254 in
1068 2195 1188 2255 orando.
1226 2196 1299 2255 Item

35 2345 36 2348 η
132 2301 271 2375 quomodo
287 2301 364 2360 idem
378 2299 507 2359 dominus
522 2313 619 2358 nevos
638 2305 782 2374 comuptae
798 2305 904 2359 nostrae
919 2305 1029 2359 naturae
1044 2301 1227 2360 considerans
1242 2316 1299 2360 me-

132 2405 190 2467 dius
211 2405 308 2467 iectus
326 2405 403 2466 inter
421 2403 515 2465 Deum
534 2408 564 2464 et
583 2403 739 2477 bominem,
768 2405 822 2463 hac
841 2403 1025 2463 similitudine
1045 2403 1213 2463 audaciores
1235 2419 1297 2462 cor·

133 2511 314 2584 dationesque
335 2509 375 2570 ad
394 2509 534 2572 orandum
556 2524 609 2568 nos
628 2507 751 2568 reddere
773 2508 905 2567 uoluerit.
942 2508 1015 2566 Item
1035 2508 1100 2579 quis
1123 2507 1171 2566 ille
1193 2507 1298 2566 amicam

133 2615 289 2688 dmmiens,
312 2629 398 2688 quem
420 2610 429 2648 ¹
453 2613 548 2674 media
569 2617 668 2686 nocte,
691 2613 746 2672 hoc
768 2617 812 2671 eat
833 2614 896 2686 ipso
919 2613 1072 2672 tenebroso
1094 2616 1222 2683 tempore
1246 2626 1297 2672 an·

34 2773 35 2786 ,
134 2727 218 2794 gnato
233 2717 400 2781 afflictionis
420 2723 450 2778 et
463 2721 614 2792 ingruente
633 2717 803 2776 necessitate
819 2714 1038 2792 expergefacere
1057 2714 1230 2786 studeamus,
1255 2715 1298 2774 di·

34 2803 36 2820 *
134 2829 224 2886 centes
246 2839 313 2884 cnm
335 2815 490 2898 prophete:
525 2821 674 2898 ablxnrge,
707 2821 834 2896 domine,
866 2837 955 2896 quare
977 2819 1162 2882 obdormiat«
1202 2820 1297 2893 Quan-

134 2931 290 2990 tamenim
312 2927 396 2989 nobis
422 2933 452 2987 et
479 2926 586 2987 timidae
613 2931 732 3014 noema
747 2927 785 2987 ad
812 2942 894 2987 omne
922 2927 1026 2988 bonnm
1053 2933 1178 3000 naturae,
1206 2925 1299 2986 Deum

34 3081 36 3126 ἵ
139 3031 277 3108 dormire,
301 3047 403 3107 preces
422 3039 536 3092 nostres
557 3047 616 3092 non
638 3031 773 3092 exaudire
795 3039 826 3094 et
846 3049 898 3094 nos
919 3034 1064 3109 negligere
1086 3034 1230 3106 rideatur,
1253 3038 1297 3092 ta·

34 3137 36 3152 '
135 3153 196 3198 men
216 3139 244 3198 si
266 3143 347 3198 tenta
368 3137 584 3211 importunitate
606 3152 670 3196 eum
697 3138 857 3212 pulsemus,
885 3139 1040 3200 clementer
1066 3155 1119 3199 nos
1148 3139 1297 3200 exauditu-

34 3265 35 3310 3
135 3257 180 3301 rna
202 3246 254 3318 sit,
278 3241 410 3317 prebens
432 3241 514 3301 nobis
536 3257 639 3316 panem
662 3246 692 3300 et
713 3245 882 3304 necessarie.
920 3243 1003 3318 Quod
1028 3245 1159 3320 exemplo
1181 3244 1297 3304 canani-

135 3345 197 3407 tldis
219 3347 346 3406 mulieris
368 3350 483 3421 pateat,
514 3346 676 3420 etreliqua
697 3346 796 3407 ordine
815 3349 840 3408 is
861 3349 1039 3410 ecclesiastes
1061 3351 1297 3423 prosequebatur.

136 3449 204 3525 Quia
226 3457 322 3512 eutem
346 3452 468 3512 antebac
488 3452 583 3526 ipsum
606 3467 663 3512 non
684 3453 857 3527 andivimus,
882 3451 995 3512 difficile
1017 3459 1094 3524 erat,
1118 3455 1214 3512 omnia
1236 3455 1298 3526 ejus

34 3599 35 3608 κ
136 3557 220 3619 verba
241 3559 365 3632 ameqni.
413 3555 558 3617 christum
579 3571 649 3618 vero
671 3559 776 3616 ostium
797 3572 860 3616 esse
883 3557 1009 3630 unicum,
1046 3557 1101 3616 boo
1124 3558 1185 3616 sine
1209 3557 1297 3616 inter·

34 3667 36 3730 Ῐ
137 3662 266 3733 missione
290 3679 353 3723 esse
373 3661 545 3737 pulsandum
560 3662 640 3726 dixit.
676 3661 815 3733 Melleus,
838 3674 895 3733 quo
913 3661 1042 3736 pulsetur
1065 3659 1203 3735 Christus,
1227 3660 1298 3724 fides

138 3771 186 3842 est,
202 3769 263 3827 sine
278 3783 335 3842 qna
349 3765 533 3842 impossibile,
550 3771 624 3828 teste
639 3767 742 3839 Paulo,
758 3781 839 3826 nese
852 3764 915 3826 Deo
930 3767 1068 3826 exaudiri.
1091 3767 1190 3828 Vetuit
1205 3774 1299 3830 antem

139 3881 172 3929 ne
186 3872 222 3931 de
237 3872 295 3933 alio
310 3874 500 3932 intercessore
514 3877 627 3932 mortno
638 3873 837 3946 cogitaremus,
854 3886 906 3930 nec
915 3873 976 3932 baec
987 3872 1077 3933 verba
1091 3873 1173 3935 nobis
1189 3877 1299 3950 exigna

138 3977 321 4036 consolationi
336 3991 399 4036 esse
413 3974 533 4050 debere,
555 3955 633 4051 qnod
647 3975 777 4038 cbristus
799 3977 918 4036 dixerit:
945 3978 1036 4038 «Dico
1055 3979 1145 4051 vobis,
1167 3979 1244 4053 qnod
1263 3978 1299 4038 ob

138 4079 377 4157 importunitatem
396 4081 459 4153 ejus
474 4085 595 4154 exurget
610 4087 639 4140 et
654 4080 734 4141 dabit
747 4081 799 4153 illi,
815 4083 950 4156 qnoquid
964 4099 1037 4158 opus
1050 4083 1168 4153 hebet»
1197 4081 1298 4140 cohor·

139 4187 198 4245 tens
214 4199 277 4258 nos,
293 4190 326 4244 ut
339 4190 452 4244 remote
467 4186 542 4245 omni
562 4185 694 4246 socordia
708 4190 738 4244 et
752 4185 941 4261 negligentia,
966 4188 1010 4246 his
1029 4186 1150 4246 maxime
1164 4186 1298 4260 tempori-

710 4316 725 4351 a

207 4404 219 4449 1
237 4397 325 4452 bscbr.
343 4397 377 4450 etl
395 4413 481 4467 quem.
