2940 4900
764 349 826 413 tto

210 529 339 590 audisset
352 530 390 589 ab
403 528 519 602 angelo:
543 526 646 585 Gratia
661 527 778 600 spiritus
799 543 821 585 s.
843 526 1025 586 obumbrabit
1043 534 1081 600 te,
1106 533 1140 586 et
1162 528 1246 600 quod
1265 534 1388 586 nascetur

210 652 247 694 er
261 641 291 694 te
305 639 435 694 mactum
456 631 531 690 tillus
551 630 607 689 Dei
627 631 777 690 vocabitur
797 638 851 690 etc.
890 631 956 690 Non
976 647 1042 688 mox
1063 634 1128 706 ipsa
1151 631 1313 706 superbior
1332 631 1389 690 red·
1459 645 1460 652 ¹

210 737 272 799 dita
294 744 346 812 est,
370 737 421 796 sed
441 753 472 796 se
492 736 661 795 submittens
682 736 736 793 ait:
759 735 835 793 Ecce
856 736 961 794 ancilla
980 737 1087 796 domini
1108 741 1189 810 etc,
1215 753 1283 794 cum
1304 739 1391 794 tamen

211 843 283 900 nihil
297 841 473 900 dubitaverit
485 858 516 899 se
531 839 655 898 futuram
670 844 790 896 matrem
805 839 875 897 Jesu
896 839 1010 898 Christi.
1048 841 1120 898 Item
1144 838 1319 913 exemplum
1332 837 1391 896 Abi·

208 946 278 1019 guil,
301 961 332 1004 se
347 961 405 1003 nou
420 944 581 1004 extollentis
597 959 660 1001 cum
674 947 788 1000 mortuo
808 959 860 1002 suo
879 945 982 1002 marito
997 944 1092 1002 Nabal
1111 961 1129 1002 a
1147 944 1274 1002 Davide
1288 945 1319 1000 in
1333 957 1391 998 con·

210 1053 316 1107 sortem
335 1049 419 1121 regni
438 1052 648 1121 accerseretur,
671 1047 722 1104 sed
742 1046 892 1106 humiliata
912 1048 965 1105 ait:
993 1048 1068 1106 Ecce
1089 1049 1126 1106 sit
1149 1047 1267 1106 ancilla
1289 1052 1339 1104 tua
1355 1042 1392 1102 fa·

210 1151 288 1210 mula
302 1157 335 1209 ut
348 1151 426 1209 lavet
439 1151 527 1223 pedes
542 1167 689 1210 servorum
705 1149 810 1212 domini
825 1150 880 1208 mei
895 1156 949 1208 etc.
969 1155 982 1208 1
1002 1152 1141 1210 Samuelis
1161 1153 1222 1208 25.

300 1254 449 1314 Liberium
463 1261 532 1314 aute
546 1256 694 1314 meridiem
710 1270 767 1312 uon
782 1254 913 1312 vidimus.
938 1255 1063 1326 Quaestio
1080 1255 1116 1314 de
1131 1254 1314 1328 aequalitate
1328 1267 1393 1310 com·

214 1362 383 1437 putationis,

299 1466 409 1526 Eadem
424 1465 500 1525 hora
510 1467 597 1524 tertia
611 1463 809 1539 pomeridiana
823 1462 954 1521 dorninus
968 1449 1103 1546 ioannes
1112 1463 1269 1522 Hauricus
1285 1461 1317 1518 in
1331 1467 1394 1518 tem

211 1571 260 1644 plo
274 1571 405 1628 Mauritii
424 1586 461 1628 ex
481 1585 544 1643 cap.
571 1574 610 1628 14
630 1568 756 1641 epistolae
776 1568 814 1626 ad
829 1568 973 1628 Rornanos
994 1567 1030 1630 de
1047 1567 1161 1626 delectu
1178 1567 1319 1625 ciborum
1333 1581 1394 1621 con·

214 1674 345 1732 oiouatus
361 1679 413 1746 est,
438 1675 592 1732 ostendens
607 1673 755 1734 ecclesiam
770 1671 927 1728 Romanam
947 1687 984 1728 ex
1002 1670 1110 1728 Judaeis
1130 1677 1161 1729 et
1184 1668 1329 1743 gentibus
1344 1666 1394 1724 ool-

211 1776 315 1836 lectam
333 1777 364 1833 in
380 1775 501 1837 amiculo
517 1778 553 1836 de
563 1775 769 1850 justificatione
784 1775 952 1833 concordem
967 1771 1063 1845 inisse,
1087 1775 1128 1832 ita
1143 1782 1176 1832 ut
1192 1790 1290 1831 unam
1305 1770 1393 1840 fidem,

211 1895 301 1938 uuum
315 1880 457 1952 baptisma
479 1887 508 1939 et
528 1898 615 1938 unum
636 1881 730 1938 Deum
749 1885 861 1954 patrem
882 1879 987 1936 domini
1008 1879 1099 1937 nostri
1119 1878 1193 1935 Jesu
1219 1875 1333 1935 Christi
1346 1873 1391 1928 ha-

212 1983 323 2056 herent,
347 1984 377 2040 in
387 1983 553 2056 adiaphoris
568 1989 663 2042 autem
676 1984 752 2042 inter
767 1984 844 2056 ipsas
860 1985 987 2039 coortam
1002 1983 1220 2041 contentionem
1238 1985 1297 2038 etc.
1313 1991 1392 2049 quarn

213 2087 242 2146 d.
258 2087 366 2146 Paulus
380 2087 422 2144 ita
437 2088 603 2160 composuit,
627 2093 660 2144 ut
679 2102 767 2160 supra
786 2084 925 2159 ejusmodi
944 2101 1002 2154 non
1023 2085 1253 2143 concertandum
1269 2083 1390 2142 doceret

212 2191 319 2250 Docuit
339 2192 436 2264 itaque
459 2207 544 2263 quam
567 2191 653 2252 noxia
674 2207 721 2249 res
745 2191 782 2249 sit
803 2189 840 2248 de
862 2191 897 2247 iis
917 2189 1004 2246 rebus
1026 2187 1197 2262 disceptare,
1226 2203 1296 2262 quae
1311 2185 1391 2243 iidem

210 2295 258 2354 vel
271 2312 374 2367 pamm
388 2296 434 2354 rel
449 2297 519 2354 nihil
534 2300 715 2354 concernunt.
747 2295 818 2354 Cum
834 2295 958 2365 domino,
976 2294 1056 2365 cujus
1072 2310 1170 2352 ornnes
1187 2293 1271 2351 servi
1287 2303 1388 2357 sumus,

212 2404 242 2458 et
263 2405 330 2460 ante
352 2403 432 2474 cujus
453 2402 581 2460 tribuual
600 2417 696 2458 omnes
721 2403 894 2470 statuemur,
918 2396 980 2456 haec
1003 2397 1186 2470 dijudicanda
1209 2401 1292 2456 sunt.
1332 2392 1388 2450 Neo

211 2503 339 2578 obticuit,
363 2505 505 2577 quomodo
525 2504 812 2578 maurithumanam
833 2501 974 2574 evangelii
993 2500 1048 2558 lroc
1067 2518 1129 2564 aevo
1150 2519 1209 2560 uon
1229 2513 1386 2575 aspernan-

210 2613 268 2682 tur,
291 2609 329 2668 ab
349 2609 521 2668 advorsariis
544 2613 573 2666 et
593 2612 810 2666 contemnantur
832 2611 861 2664 et
881 2611 1049 2664 tractentur.
1086 2607 1159 2663 ltem
1179 2605 1317 2678 quodni,
1342 2598 1385 2673 qul

211 2714 360 2787 evaugelio
375 2730 428 2772 sua
441 2713 556 2772 nomina
570 2713 682 2772 dedisse
702 2712 792 2771 videri
814 2710 921 2783 volunt,
945 2716 1028 2767 nocte
1048 2709 1154 2782 diuque
1173 2701 1385 2767 comessationi·

209 2816 264 2876 bus
286 2817 411 2890 inhiant,
435 2817 506 2874 nihil
528 2816 666 2874 donorum
686 2816 740 2874 Dei
759 2831 822 2872 cum
843 2815 1000 2888 gratiarnm
1019 2815 1131 2872 actione
1154 2818 1312 2884 sumentes,
1336 2805 1382 2866 ad-

211 2919 317 2978 ducens
333 2921 491 2991 exemplum
513 2920 609 2978 divitis
629 2919 794 2992 evangelici,
819 2919 867 2992 qui
880 2917 1014 2989 ,quotidie
1035 2916 1182 2990 splendide
1204 2917 1382 2990 epulabatur.

211 3021 283 3078 Item
300 3023 404 3094 jubens
417 3038 500 3080 orare
516 3023 618 3094 Deum,
641 3027 673 3080 ut
694 3022 770 3080 dona
785 3023 837 3079 sua
853 3038 915 3079 cum
935 3022 1092 3094 gratiarum
1112 3023 1225 3080 achone
1240 3021 1381 3090 suscipere

212 3128 241 3182 et
264 3124 299 3181 iis
319 3123 376 3182 frui
396 3125 433 3183 ad
453 3131 581 3183 nostram
600 3126 799 3183 necessitatem
819 3130 848 3184 et
866 3125 988 3185 nominis
1009 3126 1070 3197 ejus
1086 3125 1206 3198 gloriam
1224 3123 1327 3199 largiri
1342 3119 1380 3178 di-

211 3232 328 3302 gnetur,
353 3226 439 3300 idque
453 3243 505 3299 per·
522 3227 665 3285 Christum
681 3228 824 3286 dominum
838 3236 977 3288 nostrum.
1007 3229 1108 3288 Amen.

299 3333 433 3392 Liberius
449 3349 512 3390 cum
527 3331 700 3390 Hoxeriauis
716 3348 838 3404 pransus
853 3340 905 3392 est.

300 3436 400 3498 Comes
415 3437 584 3498 Wilhehnus
599 3453 699 3494 rursus
714 3437 884 3512 Velbergam
900 3438 1020 3498 abierat.

300 3544 364 3604 Hoc
378 3544 424 3603 die
440 3545 470 3601 in
489 3559 575 3601 causa
595 3549 694 3601 nostra
715 3541 897 3600 desidendum
917 3549 990 3601 erat.
1026 3543 1148 3602 Reddidi
1168 3543 1287 3601 Liborio
1302 3541 1379 3600 uotu-

210 3645 267 3704 luru
281 3647 503 3721 capitulationis,
527 3652 559 3706 ut
574 3663 638 3704 cum
653 3663 687 3706 ea
703 3647 818 3706 Seldum
833 3652 986 3719 repeteret.

299 3746 409 3804 Eadem
425 3756 553 3808 coenatus
569 3755 613 3808 est
627 3753 773 3809 nobiscum
788 3751 929 3808 Hemicus
945 3752 1036 3809 Moiss
1056 3755 1087 3808 et
1105 3752 1124 3810 J
1126 3752 1270 3810 oaclrimus
1290 3743 1376 3807 Harl.

210 3847 291 3906 Inter
305 3851 631 3922 coeneudumllenricus
647 3855 683 3913 ab
698 3853 830 3912 Etzdorff
847 3872 865 3912 a
885 3871 968 3912 socru
989 3860 1018 3913 et
1036 3870 1135 3912 sorore
1155 3855 1258 3912 missus
1272 3854 1376 3912 litteras

211 3967 325 4026 quoque
341 3952 377 4010 ab
393 3953 499 4011 eisdem
515 3952 657 4012 deferens.
696 3956 883 4017 Etzdorlfium
898 3959 1025 4017 loannes
1044 3957 1134 4016 irater
1155 3963 1252 4017 noster
1267 3958 1297 4015 iu
1311 3956 1376 4014 For·

211 4057 320 4118 ohemio
335 4059 494 4130 invenerat,
518 4058 567 4129 qui
582 4061 612 4115 et
627 4060 769 4132 perhanc
784 4061 866 4119 nobis
881 4064 1038 4136 rescripsit.
1136 4127 1141 4133 .

300 4162 448 4223 Corradus
464 4179 482 4221 a
497 4161 655 4222 Schonstad
666 4164 751 4235 juxta
765 4163 933 4240 Harlingam
947 4167 1073 4225 Henrico
1090 4165 1265 4225 obviaverat.

298 4268 326 4338 xj
342 4268 423 4327 lunii
437 4267 465 4326 d.
481 4267 607 4326 ioannes
622 4268 764 4327 Hemicus
780 4285 815 4327 err
830 4283 891 4344 cap.
913 4275 952 4328 14
966 4271 1005 4330 ad
1019 4272 1165 4330 Romanos
1184 4271 1260 4328 hurrc
1273 4273 1374 4328 textum

209 4366 293 4443 legit:
321 4373 443 4431 <Nullus
464 4373 538 4431 enim
560 4377 689 4436 nostrum
710 4372 765 4432 sibi
786 4373 841 4447 ipsi
862 4372 931 4434 vivit
951 4379 979 4433 ot
998 4375 1092 4434 nullus
1112 4375 1165 4435 sibi
1181 4375 1237 4448 ipsi
1251 4373 1372 4432 moritur.
