2966 4900
791 329 858 396 206

239 531 305 592 pem
320 515 467 578 nobiseum
487 511 638 589 prandium
653 527 773 572 sumere.
812 511 946 572 Ostendit
965 511 1086 586 insuper
1107 514 1139 570 et
1153 507 1235 568 nobis
1248 505 1385 579 inscriptio·
1459 544 1460 552 ι

240 637 305 682 nem
319 622 481 682 litterarum
500 635 587 680 manu
609 619 728 694 propria
748 617 885 693 principis
908 616 1000 676 noemi
1013 615 1050 678 ad
1064 617 1226 676 Erasmum
1239 610 1389 684 hispanicum

241 728 428 788 cancamum
442 726 558 786 caesaris
573 729 731 784 exaratam.
770 721 926 782 Thalcrnm
941 737 1053 796 quoqne
1072 721 1119 780 illi
1133 719 1214 780 dono
1230 715 1294 776 dedi
1306 720 1331 774 et
1342 713 1390 787 pol-

241 832 335 892 licitus
350 837 403 905 est,
419 845 450 890 se
465 845 528 889 mco
544 829 658 888 nominc
672 827 769 894 debita
783 842 847 886 mea
862 824 956 887 officia
974 825 1100 901 principi
1117 823 1292 886 oblaturum.
1325 817 1392 878 tole

240 937 291 998 bat
305 953 374 996 vero
389 936 509 1008 aethiops
524 933 617 993 adhuc
631 933 733 994 eadem
747 932 907 1006 Augustam
922 931 1107 991 contendere.

329 1041 438 1115 Reperi
452 1041 484 1099 in
502 1039 627 1112 hospitio
648 1036 793 1098 dominnm
807 1037 966 1097 Martinam
981 1035 1129 1096 Gaesarem
1151 1049 1221 1094 eum
1234 1032 1340 1092 Joame
1351 1023 1394 1083 Ga·

241 1145 333 1206 lacteo
348 1159 493 1204 sermones
508 1141 692 1203 conferentem
707 1157 741 1201 ae
755 1157 814 1200 una
828 1142 927 1215 pransi
942 1159 1048 1201 snmus.
1086 1143 1124 1201 In
1140 1136 1269 1215 prandio
1284 1130 1395 1194 sermoni·

242 1252 305 1326 bns,
328 1255 361 1310 ut
381 1255 493 1324 tenpus
515 1246 639 1320 ferebat,
664 1247 772 1307 animos
793 1245 1002 1330 remeabamus.
1040 1246 1123 1306 Actis
1144 1244 1253 1319 gratiis
1267 1257 1285 1301 a
1298 1234 1397 1314 prande

242 1357 338 1417 varim
348 1371 493 1416 sermones
502 1371 556 1430 ego
566 1360 595 1414 et
609 1354 739 1414 dominus
749 1351 880 1411 indimus.
901 1353 956 1411 Est
965 1353 1041 1412 enim
1052 1353 1097 1410 vir
1106 1349 1292 1410 suavissimae
1306 1353 1399 1400 consue

243 1462 362 1522 tudinis.
401 1459 535 1522 Ostendit
559 1459 640 1519 nobis
660 1458 809 1530 scriptum,
831 1473 887 1530 quo
902 1459 1014 1517 senatui
1028 1455 1193 1516 Werdensi
1208 1452 1246 1514 ob
1260 1447 1400 1510 intricatum

243 1568 358 1626 interim
380 1583 570 1640 responsurus
593 1567 658 1624 crat
677 1568 737 1622 tam
757 1561 833 1637 ipsc,
858 1579 944 1636 quam
965 1563 1111 1637 symmista
1135 1560 1214 1634 ejus.
1254 1553 1356 1614 Habuit
1366 1547 1400 1604 hie

243 1671 388 1730 Martinus
412 1676 524 1744 patrem
544 1671 593 1742 qui
617 1673 647 1728 et
668 1668 730 1742 ipse
749 1667 875 1728 ecclesiis
896 1669 928 1726 in
947 1667 1139 1730 ecclesiastico
1156 1652 1399 1732 manuspretiis

244 1773 359 1834 nomine
371 1775 390 1832 J
392 1789 513 1834 oannem
529 1773 682 1848 Gaesarem,
698 1774 747 1848 qui
762 1771 835 1834 iiiios
851 1789 902 1832 sex
917 1773 1020 1832 litteris
1039 1771 1152 1832 institui
1169 1769 1401 1834 conversabat

244 1895 308 1937 rum
328 1877 454 1952 quinque
472 1879 595 1937 ministri
616 1880 697 1940 verbi
718 1885 802 1954 sunt,
825 1883 922 1938 sextus
937 1878 1006 1942 ‚ludi
1027 1877 1200 1938 moderator
1222 1875 1254 1934 in
1276 1859 1400 1940 Auspicia

244 1983 339 2042 Fuere
354 1997 424 2041 vero
438 1979 544 2041 osnes
559 1983 687 2054 germani
702 1999 814 2044 novem.
852 1985 892 2044 Et
905 1985 946 2043 ita
966 1983 1088 2044 invicem
1102 1981 1281 2044 contulimus
1302 1973 1336 2034 dc
1349 1981 1401 2027 cau·

244 2089 285 2147 sis
300 2086 446 2160 religionis
461 2091 494 2147 nt
509 2087 658 2160 utriusque
673 2089 784 2148 animus
799 2089 889 2162 probe
904 2089 1061 2165 explicatus
1075 2087 1121 2146 sit.
1156 2083 1293 2147 Tandem
1305 2086 1401 2136 militm

244 2193 300 2253 dcc
315 2193 493 2252 demittentes
508 2208 580 2266 eam,
597 2208 661 2266 qnae
676 2194 740 2267 pios
755 2193 853 2268 decet,
879 2194 1032 2254 amicitiam
1051 2191 1198 2252 inivimus.
1240 2178 1401 2261 Stipendium

247 2299 309 2376 ejus
323 2297 379 2358 fuit
392 2315 487 2359 annuc
501 2297 603 2358 floreni
618 2303 732 2360 centum
744 2286 868 2360 monetae
883 2299 1013 2359 suevicae.
1063 2351 1066 2358 ,

333 2403 442 2466 Eadem
463 2405 592 2466 Martino
615 2410 644 2464 et
664 2383 716 2464 suo
737 2406 890 2478 symmistae
913 2410 1028 2466 senatus
1048 2409 1182 2479 perires
1206 2403 1287 2462 viros
1301 2405 1353 2454 non
1365 2401 1400 2444 stt

246 2512 304 2573 lum
319 2511 399 2572 verbi
414 2511 610 2583 ministerium,
634 2511 687 2570 scd
702 2511 826 2570 omnium
846 2527 960 2585 quoque
974 2493 1221 2570 sacramentorum
1236 2499 1399 2566 administra·

245 2617 351 2679 tiouem
373 2616 536 2694 prohibuit,
560 2617 759 2690 praecipientes
784 2632 897 2690 quoque
921 2632 958 2674 ne
979 2614 1100 2690 pontum
1118 2616 1261 2687 templum
1284 2609 1399 2674 ΜΕΝ]

246 2722 380 2800 parrechi
399 2721 636 2797 ingrederentur,
660 2721 766 2781 nubam
787 2735 901 2780 cansam
916 2719 1135 2794 praetendentes,
1152 2719 1209 2778 nisi
1225 2711 1305 2792 quod
1318 2705 1399 2768 nubs

246 2843 344 2888 eorum
359 2844 418 2888 non
433 2842 467 2887 ea
483 2830 575 2900 esset,
598 2843 662 2898 qua
682 2831 781 2901 posset
801 2827 901 2884 caesari
921 2826 1066 2886 resistere.
1101 2823 1186 2884 certe
1201 2819 1323 2897 pusitius
1342 2818 1398 2884 8¹0¹

246 2917 362 3004 Christi,
379 2933 428 3005 qui
444 2931 559 2991 domino
574 2945 627 2989 nec
646 2931 676 2989 in
690 2930 744 2990 hoc
759 2930 865 3006 oppido
881 2929 986 3004 dciuit,
1005 2928 1044 2991 ob
1065 2927 1256 2990 amovendum
1271 2922 1398 3000 pastorim

248 3051 370 3096 merore
386 3033 510 3095 afficitur
526 3041 556 3094 et
570 3036 714 3094 Martinus
728 3037 823 3095 animo
837 3036 993 3096 christiano
1007 3033 1063 3098 tart
1076 3035 1152 3096 hanc
1165 3035 1310 3110 iujuriam

334 3139 412 3198 Nota
427 3138 463 3198 de
477 3137 617 3198 fidelitate
633 3139 779 3198 Ohuuradi
795 3142 865 3201 coci.

335 3243 444 3304 Werda
464 3243 552 3304 habet
570 3242 685 3302 domum
704 3242 942 3321 Teutoniccrum,
963 3252 996 3310 ιιι
1010 3253 1123 3322 vocant,
1139 3253 1168 3306 et
1182 3241 1341 3308 coenoman
1352 3229 1395 3290 Bt·

246 3348 462 3425 ucdiotinorum,
479 3349 523 3411 cni
539 3348 760 3423 abbasproeest.

335 3457 451 3519 Wcrdoe
472 3452 668 3518 desidentibus
688 3458 717 3513 et
741 3457 954 3527 expectantibus
975 3456 1124 3518 Liberium
1148 3451 1397 3516 ctridrianumtl1

246 3563 394 3640 inopinate
408 3569 547 3639 cognatus
562 3567 659 3624 noster
674 3559 801 3622 Jcanncs
817 3577 835 3620 a
849 3562 997 3637 Rethberg
1011 3579 1064 3623 nos
1079 3564 1110 3621 in
1124 3561 1249 3636 hospitio
1264 3557 1340 3626 adiit,
1358 3560 1396 3606 rt

248 3682 321 3739 gans
336 3672 369 3726 nt
383 3684 445 3727 cum
461 3685 495 3729 eo
511 3684 699 3730 coenaremus.
723 3665 776 3726 Cui
791 3665 858 3726 dum
872 3683 981 3727 morem
996 3667 1129 3742 mamus,
1144 3666 1288 3728 Joannem
1300 3659 1334 3722 ab
1346 3651 1394 3714 Uss·

246 3767 361 3842 genadt,
378 3773 550 3832 austriacnm
565 3775 701 3835 baronem
717 3772 747 3832 in
762 3770 863 3832 eodem
877 3772 1002 3846 hospitio
1012 3773 1126 3846 cognati
1140 3772 1231 3832 nostri
1247 3785 1309 3830 esse
1323 3770 1396 3835 ΜΨ

243 3872 352 3947 pirum,
375 3872 425 3945 qui
442 3873 526 3946 juxta
545 3878 722 3951 cognominis
744 3877 788 3937 sui
804 3875 1011 3954 ,etymologiam
1026 3877 1156 3936 veritatis
1175 3881 1325 3951 patronum
1337 3875 1396 3942 W

246 3961 327 4046 stans
342 3977 388 4056 (ut
407 3980 451 4038 est
472 3977 556 4038 homo
577 3981 657 4040 verbi
680 3981 767 4041 divini
791 3987 820 4042 et
840 3982 958 4056 pietatis
971 3978 1084 4056 amans)
1106 3982 1200 4042 minus
1214 3980 1320 4042 favoris
1333 3961 1398 4047 ,pud

246 4081 462 4146 Fordinandum
482 4087 681 4155 contraxerat,
705 4086 754 4157 qui
774 4084 812 4144 ab
826 4085 957 4160 Angusta
975 4086 1032 4146 hnc
1045 4092 1174 4162 uenerat,
1196 4103 1253 4161 quo
1268 4086 1321 4147 sibi
1334 4089 1395 4140 com·

247 4197 349 4265 pareto
364 4188 479 4264 navigio
493 4188 651 4248 Iincenum
665 4186 790 4246 dustria
806 4190 993 4265 navigaturus
1007 4195 1080 4250 mat.

335 4291 413 4354 Nota
437 4293 473 4354 da
496 4291 670 4372 parricidiali
697 4289 763 4352 odio
783 4293 929 4355 civitatum
954 4296 1112 4356 vicinarum
1130 4295 1161 4356 in
1181 4295 1357 4370 Augustanos
1373 4287 1397 4344 tt

247 4397 413 4474 idumea,
438 4399 518 4474 qaod
536 4413 599 4460 cum
612 4398 767 4475 plurimam
785 4399 822 4461 do
836 4417 890 4467 suc
901 4400 1072 4464 fortitudine
1086 4379 1292 4464 etecnstantia
1304 4401 1337 4464 de
1349 4391 1397 4457 sois
