3028 4894
776 317 823 382 dd

212 498 256 558 dit
275 498 354 572 bien,
378 497 460 572 quasi
476 495 584 557 diceret
598 497 671 558 bene
686 503 743 572 est,
766 495 869 557 luciam
885 513 984 558 eorum
1003 499 1195 572 mentionem,
1221 495 1299 570 qnod
1311 493 1384 556 Deus

212 600 291 664 laxit.
329 604 425 678 Atque
444 604 490 663 hic
511 601 567 663 luit
585 603 670 678 hujus
693 601 749 662 dici
769 607 858 662 actus.
897 601 1108 662 orbiculorum
1128 607 1231 662 antem
1253 607 1385 676 argenteo

211 714 297 768 namo
310 707 524 781 honoravimus,
548 716 582 769 ut
600 709 692 770 nostri
713 725 783 782 ergo
802 707 966 782 diligentius
985 707 1063 782 apud
1081 707 1240 782 praesulem
1260 707 1384 766 instaret

299 813 376 874 Dum
396 814 550 889 hospitium
571 813 747 874 Coloniensis
767 815 990 888 praeterivimus,
1020 814 1172 889 episeopus
1194 816 1286 888 caput
1308 827 1325 870 e
1348 807 1385 869 le-

213 924 312 979 nestra
325 921 458 994 porrigit,
475 919 520 978 cui
535 919 624 980 doctis
640 920 781 995 capitibus
795 919 934 982 honorem
945 918 1105 993 habuimus,
1118 919 1190 978 licet
1202 919 1229 977 is
1243 933 1297 977 nos
1311 921 1387 976 torre

211 1024 381 1082 intueretur.

299 1127 409 1188 Eadem
431 1146 449 1188 a
471 1129 595 1202 quodam
617 1132 792 1206 accepimus,
822 1129 971 1191 cucurum
997 1130 1120 1205 principi
1146 1130 1330 1203 injunctmu,
1357 1129 1387 1182 ut

211 1232 363 1308 capsellam
384 1241 436 1294 aut
455 1250 551 1294 arcam
571 1237 681 1311 potius,
705 1237 735 1294 iu
757 1252 815 1309 qua
835 1235 862 1295 d.
884 1233 1061 1294 Ehzabethce
1079 1235 1213 1308 reliquiae
1234 1233 1387 1293 asservata

210 1343 320 1412 essent,
345 1339 441 1400 domui
457 1341 621 1400 Teutonicae
636 1342 667 1398 in
681 1339 840 1416 Marpurgo
854 1340 938 1400 reddi
952 1343 1076 1399 curaret.

298 1444 410 1505 Aderat
430 1451 459 1506 et
472 1446 610 1520 Augusta
630 1447 758 1506 Joanues
778 1463 796 1506 a
815 1445 952 1505 Reidesel
972 1442 1250 1505 archimarschalcus
1265 1441 1384 1512 Hassiae,

209 1550 255 1633 cui
270 1565 333 1611 cum
348 1550 452 1611 abbate
466 1550 665 1612 Hersleldeusi
679 1551 717 1612 ob
732 1550 898 1626 oppidulum
912 1548 1029 1623 aliquod
1042 1565 1089 1608 res
1104 1554 1176 1610 erat.

297 1655 408 1714 Eadem
414 1657 541 1717 Joaunes
553 1655 651 1731 irater,
661 1656 804 1730 Liborius,
820 1655 1008 1716 Weudelinus
1022 1659 1052 1715 et
1062 1653 1184 1714 Lindius
1198 1671 1266 1714 cum
1280 1650 1385 1724 scripto

210 1762 404 1834 compromissi
427 1761 464 1820 ad
485 1761 629 1820 dominam
650 1763 808 1835 principem
830 1762 1011 1833 missisunt,
1034 1775 1093 1819 non
1112 1764 1173 1819 tam
1198 1759 1239 1819 ad
1265 1773 1329 1816 cum
1353 1769 1385 1812 ea

209 1862 359 1941 agendum,
379 1881 436 1939 quo
451 1866 574 1940 sigillum
589 1866 743 1941 appendat,
765 1882 850 1940 quam
864 1883 902 1926 ne
917 1883 935 1924 a
950 1863 1033 1924 uobis
1048 1867 1214 1937 contempta
1228 1862 1382 1932 videretur,

209 1975 242 2030 ut
256 1970 346 2030 multa
361 1966 435 2029 fiunt
454 1969 491 2028 ab
512 1971 682 2046 hominibus,
707 1987 770 2044 quoe
786 1971 897 2030 edamsi
912 1971 1071 2043 intermissa
1088 1969 1204 2044 vedent,
1230 1975 1329 2030 tamen
1342 1961 1382 2024 fa·

210 2073 311 2134 denda
324 2075 453 2134 veniunt.
482 2074 618 2135 Attamen
633 2077 758 2151 sigillum
773 2091 931 2149 appensum
947 2079 999 2134 est.

296 2179 416 2255 Eadem⁵
428 2179 628 2240 Fordinandus
648 2197 701 2240 rex
718 2195 853 2254 proceres
874 2181 983 2253 aliquot
1001 2179 1040 2239 ad
1060 2179 1203 2240 dominam
1223 2176 1381 2254 principem

208 2283 304 2359 mittit,
326 2301 379 2360 per
400 2301 449 2345 eos
468 2301 584 2359 rogans,
608 2289 640 2346 ut
660 2285 786 2344 crastino
806 2283 843 2345 ad
861 2285 962 2344 horam
981 2285 1134 2344 secundam
1153 2282 1379 2358 pomeridianam

207 2390 334 2465 exequiis
357 2393 433 2465 ragis
453 2391 582 2488 l³oloniae
603 2392 742 2452 interesse
763 2390 839 2450 velit.
879 2388 1023 2464 Optimam
1046 2389 1206 2464 principem
1230 2407 1250 2450 a
1275 2383 1379 2448 dextris
1481 2465 1482 2478 χ

205 2497 282 2572 regis
298 2496 422 2556 coelestis
436 2498 523 2557 timor
545 2503 573 2557 et
593 2497 738 2556 reluctans
761 2497 936 2556 conscientia
956 2495 1044 2569 angit,
1068 2511 1087 2554 a
1106 2495 1230 2554 sinistris
1251 2489 1379 2569 potentia

206 2601 315 2661 terreni
330 2602 406 2677 regis
421 2603 624 2677 sanguinisque
639 2603 847 2678 propinquitas.
878 2601 953 2660 Nam
973 2605 1003 2658 at
1015 2605 1109 2659 mater
1123 2599 1330 2674 Lmotgrcvie
1345 2609 1378 2652 ex

206 2709 287 2782 regio
309 2708 486 2767 Polouorum
509 2709 649 2781 sanguino
670 2713 747 2779 erat,
771 2712 800 2766 et
820 2706 916 2766 mariti
935 2705 1056 2780 insuper
1078 2706 1229 2780 captivitas
1254 2704 1375 2765 divexat.

205 2807 346 2870 Dominus
369 2818 512 2872 scrutator
534 2828 635 2872 renum
657 2817 687 2871 et
708 2817 875 2872 moestorum
904 2809 1034 2870 cordium
1061 2811 1225 2871 consolator
1253 2810 1305 2870 det
1325 2802 1376 2878 ipsi
1480 2857 1481 2864 ,

205 2915 375 2990 sapientiam
390 2922 419 2975 et
433 2915 594 2990 consilium,
619 2931 676 2989 quo
690 2917 849 2990 periculum
863 2916 984 2975 evadere
998 2915 1098 2990 possit.

293 3017 384 3076 Filius
398 3020 475 3092 regis
490 3019 618 3078 Poloniae
633 3020 709 3092 regis
718 3019 894 3081 Fordinaudi
908 3019 995 3080 filiam
1010 3021 1041 3079 in
1054 3033 1173 3079 uxorem
1187 3018 1298 3092 hahuit,
1313 3027 1377 3091 quit

205 3127 272 3182 aute
287 3137 379 3180 annos
394 3121 498 3182 abhinc
513 3127 573 3182 tres
589 3123 648 3184 vita
663 3126 791 3184 excessit.

294 3225 406 3285 Eadem
428 3225 523 3287 Ottho.
536 3240 631 3287 comes
652 3245 671 3288 a
690 3227 838 3304 Rethberg
856 3245 910 3305 per
930 3231 1091 3290 ministrum
1110 3246 1192 3289 sunm
1214 3226 1373 3290 Waldecios
1479 3191 1480 3202 ἵ

204 3333 235 3394 iu
258 3331 412 3392 mmtinum
435 3332 474 3392 ad
495 3331 646 3407 prandium
667 3334 795 3409 vocarit,
824 3336 870 3394 cui
892 3350 1000 3395 morem
1022 3350 1124 3410 gerere
1146 3349 1204 3394 uon
1228 3349 1314 3396 uuam
1337 3327 1372 3387 ob

204 3453 318 3500 causam
332 3437 403 3498 utile
418 3439 500 3499 nobis
515 3439 675 3500 videbatur.

290 3545 400 3604 Eadem
414 3545 595 3606 Fridericum
609 3559 722 3619 quoque
737 3560 755 3602 a
771 3543 967 3619 Furstenberg
988 3545 1089 3604 adesse
1109 3544 1248 3619 comperti
1267 3552 1368 3603 sumus.

290 3649 459 3710 wilhelmus
474 3668 568 3712 comes
583 3659 698 3712 nostros
712 3652 889 3724 interrogat,
913 3650 1027 3722 quinam
1038 3665 1073 3709 se
1093 3665 1141 3710 res
1164 3653 1270 3708 noshae
1284 3644 1367 3708 habe·

201 3757 275 3812 rent.
306 3751 346 3811 Et
359 3759 546 3827 posteaquam
561 3756 678 3815 edoctus
693 3754 756 3828 luit,
781 3755 883 3828 quibus
899 3748 1092 3828 sycophantiis
1107 3753 1255 3814 nobiscnm
1269 3753 1368 3812 odere·

201 3858 259 3928 tur,
283 3853 422 3930 prolecto,
447 3857 548 3932 iuquit,
573 3859 727 3920 dolendum
742 3863 795 3932 est,
812 3858 890 3933 quod
905 3873 979 3918 unus
994 3858 1079 3918 homo
1095 3859 1189 3920 omnia
1204 3861 1366 3934 exequatur,
1477 3861 1478 3864 ’

202 3955 321 4034 Gallica,
344 3960 455 4034 Italica,
479 3960 608 4036 Anglica,
632 3961 803 4022 Germanica
818 3969 847 4022 et
865 3965 984 4037 negocia
1002 3969 1030 4024 et
1049 3963 1218 4038 legationes,
1242 3979 1295 4022 nec
1308 3953 1367 4019 fieri

201 4069 305 4142 potest,
329 4069 361 4125 nt
379 4066 410 4124 in
428 4070 511 4123 tanta
530 4065 714 4152 negociorum
732 4067 817 4138 mole,
841 4067 903 4128 sine
923 4069 1087 4142 longissima
1106 4085 1197 4142 mora,
1220 4068 1366 4142 quiequam

201 4167 240 4228 ad
254 4166 341 4230 finem
355 4171 446 4247 probe
459 4169 578 4243 perduci
592 4175 687 4244 queat.
719 4169 816 4242 Quare
836 4169 958 4232 dominis
977 4175 1080 4234 restris
1101 4174 1281 4234 cunctatione
1299 4179 1366 4246 opat

202 4276 255 4345 est,
278 4280 311 4332 ut
325 4274 453 4348 quotidie
467 4277 583 4337 instent.
614 4275 655 4334 Et
674 4275 740 4336 dum
761 4277 853 4335 nostri
871 4275 1009 4351 dicerent,
1032 4295 1084 4338 nos
1104 4285 1134 4339 et
1154 4279 1259 4353 saepius
1274 4283 1304 4338 et
1316 4277 1363 4334 irn-

200 4383 324 4454 portuno
336 4379 454 4454 instare,
476 4381 635 4456 respondit,
658 4381 738 4444 Nihil
752 4378 850 4442 refert.
889 4381 965 4444 llam
979 4384 1091 4444 etiamsi
1105 4398 1156 4446 vos
1170 4385 1248 4460 ipsos
1262 4383 1364 4458 impor-

1471 4527 1476 4856 l
