3028 4894
773 277 817 344 50

206 475 273 518 num
289 475 352 521 cnm
365 457 425 521 filio
439 468 490 522 tuo
504 460 655 521 benedicto
679 465 708 520 et
723 462 827 535 spiritu
848 465 964 534 sancto,
989 459 1048 518 sive
1063 456 1144 517 uobis
1160 473 1196 518 cx
1209 461 1289 530 voto,
1309 456 1363 514 siue

205 580 286 626 secus
306 582 353 626 res
369 568 451 628 nohis
474 566 645 640 acciderint,
669 566 804 625 colamus.
842 565 900 624 Per
916 563 1059 624 Christum
1082 563 1226 623 dominnm
1239 567 1363 622 noshum.
1408 647 1410 651 Ι

206 669 308 731 Amen.

293 775 403 836 Eadem
412 777 533 852 Hispani
549 776 726 851 sepeliebant
740 775 882 849 quendam
894 779 1060 850 magnatum
1073 790 1109 833 ex
1123 789 1223 834 eornm
1237 770 1308 844 albo,
1323 769 1366 841 qni

204 896 316 940 crucem
331 883 468 956 purpurei
491 882 594 942 coloris
615 883 646 940 iu
659 882 785 942 vestibus
801 882 838 941 ad
852 887 951 956 pectus
975 886 1102 956 gestasse
1123 880 1306 938 christianum
1321 891 1367 948 pu·

203 989 275 1044 tant.
315 984 386 1044 Cmn
401 985 486 1059 hujus
501 1000 604 1060 corpus
625 987 655 1044 iu
671 985 776 1046 fossam
798 987 941 1062 sepulchri
960 987 1162 1058 immitterent,
1186 985 1277 1058 primo
1291 978 1368 1038 sacri·

204 1087 294 1164 ficuli,
320 1089 424 1149 deinde
448 1095 553 1152 caetcra
574 1091 660 1150 turba
680 1089 765 1150 funus
785 1090 1015 1165 subsequentium
1035 1095 1170 1164 quantum
1190 1090 1257 1149 vola
1277 1099 1368 1144 mamm

205 1198 292 1253 terrae
308 1197 551 1272 comprehendere
567 1202 710 1272 poterant,
727 1214 814 1272 super
829 1200 922 1272 ipsum
937 1195 1021 1256 iuuus
1032 1197 1173 1269 iecerunt.
1203 1190 1313 1260 Deinde
1326 1203 1368 1246 ve

204 1299 340 1375 spillones
362 1299 467 1363 fossam
490 1309 569 1363 terra
591 1303 756 1378 replebant,
780 1303 860 1376 cuins
880 1303 982 1362 animae
1001 1302 1171 1361 misereatur
1192 1302 1232 1374 is,
1255 1297 1303 1372 qui
1324 1310 1368 1354 no·

204 1406 246 1466 vit
261 1423 334 1466 eum.

292 1512 390 1574 Prima
412 1516 480 1589 maji
507 1515 535 1574 d.
558 1513 705 1586 Masculus
733 1513 772 1572 ad
801 1513 828 1572 d.
850 1513 1019 1572 Mauritium
1043 1528 1080 1572 ex
1104 1527 1166 1586 cap.
1193 1513 1234 1569 14
1258 1504 1371 1566 Joannis

204 1615 265 1676 hnc
278 1617 366 1678 verba
381 1620 557 1693 explanavit:
572 1620 617 1679 Ne
632 1618 765 1678 turbetur
780 1634 829 1680 cor
843 1623 970 1678 vestrum
986 1634 1079 1692 neque
1093 1616 1230 1678 formidet
1244 1619 1296 1673 etc.
1319 1607 1372 1668 Sed

205 1737 257 1780 nos
272 1723 364 1781 serius
377 1722 561 1783 advenientes
575 1725 671 1784 omnia
682 1724 759 1784 dicta
773 1725 834 1798 ejus
845 1741 903 1784 non
916 1725 1039 1785 assecuti
1052 1739 1157 1782 sumus.
1180 1724 1263 1782 Inter
1273 1721 1372 1777 catera

204 1831 300 1886 autem
316 1823 443 1901 dicebat,
460 1828 684 1902 perturbationis
700 1836 729 1888 et
743 1831 853 1889 timoris
867 1831 1064 1904 apostolorum
1078 1828 1141 1888 haec
1155 1827 1332 1902 potissimum
1344 1821 1372 1876 in

204 1946 291 1991 causa
304 1930 403 2006 inisse,
420 1931 487 1992 dum
501 1932 656 1993 audiissent
671 1935 815 1994 dominum
828 1936 864 1995 ab
881 1937 915 1994 iis
930 1925 1078 1995 discedere
1088 1936 1169 2009 velle,
1185 1926 1372 2008 ignorantiam

205 2037 314 2097 scilicet
328 2042 358 2097 et
373 2037 599 2112 expectationem
622 2041 732 2098 terreni
751 2041 871 2115 alicujus
886 2042 981 2116 regni,
1005 2042 1035 2099 in
1051 2057 1108 2113 quo
1123 2042 1201 2114 ipsos
1217 2053 1249 2098 se
1264 2032 1371 2094 domino

204 2142 235 2200 in
253 2140 414 2218 principatu
431 2141 486 2219 (se)
508 2145 697 2218 proximiores
716 2143 829 2207 futuros
847 2162 927 2223 spem
946 2147 1040 2204 animo
1061 2149 1266 2219 conceperant,
1290 2133 1374 2198 ambi·

204 2247 311 2307 tionem
325 2263 439 2322 quoque
454 2253 486 2306 ut
500 2249 531 2308 in
545 2247 610 2308 filiis
627 2250 758 2310 Zebedaei
779 2269 831 2326 per
846 2257 967 2310 matrem
982 2265 1167 2312 commanus
1183 2250 1222 2310 ad
1237 2249 1369 2309 dextram
1480 2293 1481 2308 ,

205 2352 277 2412 alius
287 2353 326 2413 ad
334 2353 479 2414 sinistram
488 2354 588 2414 sedere
599 2361 715 2430 possent
724 2357 885 2430 petentibus
898 2357 997 2430 liquet.
1019 2357 1091 2415 Item
1106 2356 1222 2415 inutiles
1239 2359 1269 2414 et
1280 2359 1373 2422 super·
1480 2345 1481 2380 ³

204 2474 344 2520 vacaueas
364 2459 495 2520 tristitias
511 2463 580 2532 etc.;
608 2461 676 2520 item
696 2461 781 2536 longe
806 2463 891 2521 aliam
916 2461 1021 2521 Christi
1047 2462 1153 2522 domiui
1172 2458 1262 2520 dhisse
1282 2448 1372 2514 condi·
1480 2441 1481 2452 ἶ

204 2565 324 2640 donem,
349 2566 399 2640 qui
414 2565 553 2640 omnium,
578 2581 642 2640 quae
657 2567 699 2627 illi
714 2567 876 2627 acciderent
895 2567 977 2627 etad
992 2583 1076 2641 quem
1094 2565 1179 2626 linem
1199 2557 1373 2640 pertinerent

204 2671 339 2744 praescius
361 2677 437 2746 erat,
460 2671 594 2732 habuisse
614 2688 685 2732 vero
705 2671 858 2746 discipulos
878 2673 986 2732 nullam
1006 2674 1049 2731 sni
1069 2673 1176 2732 doloris
1196 2660 1371 2731 autumaris

199 2775 306 2847 justam
315 2791 438 2836 causam.
462 2776 507 2835 De
520 2778 622 2838 timore
638 2777 713 2836 hanc
728 2777 939 2837 similitudinem
954 2777 1108 2838 adducens.
1133 2776 1212 2836 Sicut
1225 2775 1257 2832 in
1269 2768 1371 2832 fluento

202 2881 319 2941 turbida
333 2880 447 2941 reddita
462 2895 537 2953 aqna
550 2879 656 2940 fundus
671 2881 763 2941 videri
782 2900 839 2942 non
854 2887 963 2957 potest,
984 2890 1014 2943 et
1027 2884 1058 2942 iu
1072 2879 1269 2955 hmpidissimo
1283 2873 1369 2939 fnum

204 2985 228 3042 si
243 2999 332 3058 aquas
345 2999 470 3057 moveas,
486 2984 602 3043 claritas
618 3002 675 3044 non
690 2991 825 3060 apparet,
842 2988 883 3045 ita
897 2987 927 3045 in
943 2988 1030 3048 corde
1048 2985 1170 3046 hominis
1189 2985 1293 3044 timore
1306 2990 1369 3054 ptr·

202 3088 314 3149 turbati
332 3087 518 3162 cogitationes
534 3103 615 3162 purae
631 3095 660 3148 et
674 3091 819 3162 praeclarae
834 3107 892 3150 non
907 3093 1048 3151 oriuntur.
1083 3089 1166 3163 Quod
1179 3094 1276 3148 autem
1291 3080 1370 3146 disci·
1481 3165 1482 3174 ἵ

203 3191 264 3267 puli
285 3193 396 3252 timoris
416 3192 461 3250 sui
483 3208 599 3253 causam
618 3212 676 3254 non
691 3196 859 3270 habuerint,
883 3195 936 3254 has
957 3199 1084 3257 rationes
1104 3194 1238 3254 reddidit.
1277 3189 1370 3252 Primo

204 3298 281 3373 quod
289 3297 433 3358 dominum
441 3297 510 3371 ipsis
522 3300 647 3359 »Pacem
655 3317 748 3360 meam
757 3301 795 3361 do
803 3302 893 3375 vobis,
909 3317 1009 3377 pacem
1020 3316 1113 3360 meam
1127 3301 1258 3374 relinquo
1271 3294 1369 3358 vobis«

201 3402 306 3465 dixisse
319 3408 468 3464 noverant.
493 3404 633 3478 Secundo,
648 3407 763 3465 tametsi
774 3407 892 3467 tristitia
904 3406 1012 3480 exhoc,
1029 3405 1106 3479 quod
1121 3404 1251 3466 dominm
1263 3399 1371 3462 dixerat

204 3507 559 3586 »Vado«affectifuerant,
567 3509 728 3571 meminisse
737 3516 833 3571 tamen
841 3511 991 3585 dehebant,
1000 3510 1121 3570 eundem
1130 3526 1244 3586 quoqne
1255 3507 1368 3568 diuise&

204 3616 331 3674 »Iterum
339 3615 423 3675 venio
439 3615 477 3674 ad
491 3632 561 3674 vos«
574 3623 627 3676 eto.
647 3617 755 3693 Tertio,
773 3618 851 3692 qnod
867 3633 910 3689 ea,
926 3632 989 3689 quae
999 3615 1113 3676 Christo
1129 3621 1267 3675 eventura
1282 3611 1369 3676 erant,

202 3718 272 3775 nihil
285 3718 341 3776 illis
356 3719 475 3790 periculi
490 3720 614 3779 allatura
630 3727 734 3781 esseut.
758 3723 839 3781 Nihil
854 3722 928 3781 enim
942 3721 973 3781 id
985 3723 1122 3796 temporis
1137 3721 1194 3779 illis
1210 3720 1309 3779 durius
1323 3714 1370 3773 aui

200 3821 269 3879 mali
286 3820 397 3879 illatum
412 3826 464 3894 est,
479 3821 546 3880 licet
560 3824 832 3900 posteatemporis1
847 3823 990 3901 praefinito
1005 3827 1041 3886 ob
1052 3825 1158 3885 Christi
1172 3825 1293 3900 gloriam
1308 3832 1369 3881 san·

201 3924 314 3998 gruuem
328 3939 411 3983 suum
425 3922 584 3984 effuderint.
623 3929 770 3988 Postremo
793 3931 848 3988 etsi
863 3931 932 4003 quid
954 3930 1093 4004 ejnsmcdi
1115 3927 1233 3990 sufferre
1256 3925 1365 3988 debuis-

200 4034 272 4104 sent,
284 4044 423 4089 memores
432 4034 528 4088 tamen
538 4034 568 4089 et
577 4045 626 4090 eos
635 4036 665 4090 et
673 4048 766 4091 causae
776 4050 835 4092 suae
845 4034 980 4095 honitatis
993 4041 1023 4095 et
1031 4036 1183 4096 verborum
1193 4033 1299 4093 Christi
1308 4038 1366 4090 esse

198 4137 388 4207 oportmtetc.
404 4136 537 4194 Inserens
552 4135 671 4209 insuper
686 4137 722 4197 de
736 4137 865 4198 bonitate
880 4154 983 4215 causae,
996 4155 1082 4213 qnam
1095 4138 1276 4215 professores
1286 4147 1370 4198 evan-⁴

778 4272 795 4309 *

276 4362 287 4408 1
309 4360 444 4428 itempore
460 4357 596 4426 prefinito.
