2966 4900
781 296 850 364 als

228 485 291 540 tum
305 486 339 541 ut
351 481 454 542 timore
469 477 614 541 deililinli
626 477 736 539 scilieet
749 495 808 538 nou
825 478 925 538 servili
937 476 1112 554 configatur,
1128 483 1163 538 ut
1178 479 1253 540 omui
1265 481 1377 552 exparte
1431 479 1437 492 “

227 591 354 646 veterem
367 585 510 646 Adamum
522 583 684 646 mortificet
715 585 756 644 Et
768 586 836 658 qnia
852 583 883 644 id
895 599 955 645 non
966 601 1003 644 ex
1013 585 1165 646 vmuntate
1178 589 1281 644 nostrae
1293 583 1378 655 caruis,

226 690 299 752 deus
308 690 549 767 rogandusestut
561 690 904 750 inamoreettimoresui
916 707 969 750 nos
981 697 1173 750 conservetet
1188 685 1379 761 inhuciragili·

226 801 288 856 tute
302 795 428 856 humana
446 810 499 858 sno
518 795 622 868 spiritu
642 799 742 854 sancto
761 793 918 869 confortet,
942 801 975 855 ut
993 797 1120 856 animum
1140 812 1177 856 eu
1197 799 1345 864 vertamus,
1363 792 1381 848 si

227 900 301 975 lapsi
315 897 452 961 fuerimus
467 916 555 974 ocyus
574 898 614 959 nd
634 899 682 960 dei
696 900 923 960 misericordium
944 915 1134 960 recurramus.
1175 899 1271 960 Probe
1289 912 1382 972 quoque

227 1005 371 1079 exposuit,
394 1004 508 1080 quidm
524 1005 666 1080 scriptura
685 1003 789 1078 configi
808 1005 930 1065 dicatur.
969 1006 1042 1066 Item
1060 1005 1130 1080 quid
1150 1005 1192 1064 sit
1211 1004 1286 1077 ringi
1300 1005 1381 1062 cutem

225 1110 298 1172 Item
312 1109 383 1185 quid
395 1111 514 1172 verbum
529 1115 665 1170 conteror
678 1109 725 1168 hic
739 1107 894 1186 significet,
910 1113 979 1171 item
994 1111 1065 1186 quid
1078 1112 1176 1172 scoria
1191 1115 1248 1170 etc.

314 1214 424 1276 Eadem
439 1217 555 1277 demina
570 1222 663 1277 matu
676 1231 730 1275 nos
746 1216 881 1292 ephippio
893 1216 1012 1277 donavit
1023 1223 1054 1278 et
1066 1216 1238 1292 panopliam
1251 1212 1339 1274 mariti
1351 1207 1384 1266 sui

231 1321 366 1384 ostendit.

314 1428 426 1490 Eadem
446 1435 562 1489 senatus
576 1426 823 1488 Rudclstadiensis
843 1443 896 1488 nos
915 1429 992 1488 vasis
1005 1427 1117 1502 aliquot
1135 1428 1199 1488 vini
1215 1430 1246 1486 et
1260 1419 1385 1482 cerevisia

226 1532 414 1595 Eimhicensis
428 1533 590 1596 honoravit.
619 1534 674 1594 His
687 1535 776 1608 igitur
790 1535 901 1608 gratius
915 1539 1033 1608 agentes
1048 1539 1077 1594 et
1091 1535 1122 1592 in
1136 1533 1264 1592 tutelam
1277 1531 1385 1590 rosum

225 1639 408 1716 recipientes,
425 1641 529 1714 servis,
546 1641 595 1713 qui
610 1639 781 1712 attulerant,
798 1639 940 1698 tholorum
955 1637 1031 1700 done
1048 1639 1190 1700 dedimus.

314 1743 425 1804 Eadem
446 1761 540 1804 comcs
554 1744 681 1804 loannes
696 1745 840 1804 Henricus
859 1761 877 1804 a
892 1743 1111 1819 Schwartahurg
1134 1752 1166 1805 et
1184 1759 1259 1804 uxor
1281 1740 1338 1812 ejus
1358 1735 1386 1795 (lt

226 1845 347 1922 Widda,
371 1865 454 1911 soror
467 1847 580 1909 Alherti
600 1851 711 1910 comitis
730 1850 761 1908 in
775 1848 933 1910 Mansicldt
951 1851 1079 1923 uterina,
1103 1851 1157 1910 scd
1177 1865 1239 1910 non
1257 1856 1384 1921 germana

225 1951 360 2014 volebant
373 1953 592 2014 Rudelstadium
607 1955 714 2012 venire.
738 1954 889 2014 Petieraut
903 1959 1001 2014 autem
1014 1971 1067 2028 per
1081 1956 1207 2030 litteras,
1224 1955 1251 2014 si
1264 1955 1293 2011 et
1306 1945 1385 2010 socrui

225 2063 256 2118 et
269 2057 352 2118 nobis
365 2074 424 2118 uon
438 2059 604 2133 molestum,
624 2075 655 2118 se
671 2061 763 2120 nostri
777 2063 932 2122 amicitiam
947 2067 976 2122 et
990 2063 1126 2121 noticiam
1140 2075 1259 2137 cupere.
1297 2053 1385 2116 Nescio

225 2165 331 2237 autem,
348 2163 416 2237 quid
431 2164 562 2224 comitem
576 2170 780 2240 remoraretur,
800 2167 950 2241 quominus
965 2168 1027 2242 ipsc
1041 2169 1142 2228 venire
1156 2169 1268 2242 posset,
1283 2172 1384 2222 uxoren
1460 2149 1461 2188 ⁴

224 2253 295 2330 vtro
310 2285 374 2329 cum
388 2271 557 2345 munes
571 2273 601 2328 c
614 2268 740 2350 narres
753 2268 867 2331 matus
875 2271 1093 2332 audendum
1107 2273 1188 2334 mmc
1202 2287 1239 2333 ae
1252 2267 1330 2328 noua
1341 2277 1384 2338 per

224 2373 403 2436 Joaehimum
418 2376 493 2438 sack
506 2377 659 2436 amicitiam
678 2381 708 2436 et
722 2373 816 2438 officio
835 2393 888 2438 sua
907 2378 1020 2438 detulit.
1057 2379 1117 2438 Par
1130 2380 1223 2452 igitur
1243 2373 1306 2452 puri
1317 2372 1382 2431 retn-
1459 2463 1460 2474 ἵ

227 2479 319 2541 limus.

312 2584 437 2649 Domina
455 2603 567 2662 socrus,
587 2588 743 2649 Anmtasiu
764 2605 853 2662 uxor,
874 2587 990 2649 domim
1005 2588 1116 2650 Schuuh
1135 2581 1341 2652 ctotelchioris
1354 2576 1382 2636 dc

225 2689 298 2751 Ossa
314 2708 388 2753 uuor
403 2709 500 2753 esoces
515 2694 545 2753 iu
560 2694 628 2754 Sala
642 2698 782 2770 prosecta
796 2697 872 2752 eunt.
912 2692 1045 2768 Cepimus
1059 2710 1148 2754 unum
1162 2700 1192 2754 et
1207 2697 1240 2754 in
1255 2686 1381 2753 selueru
1458 2735 1459 2776 3

223 2811 308 2871 pugo,
320 2798 405 2870 iuxta
419 2815 504 2872 quem
517 2799 564 2859 die
579 2799 722 2860 Schwartz
736 2796 868 2858 fluviolus
883 2799 913 2858 in
929 2800 1025 2860 Salam
1037 2798 1207 2874 infunditur,
1226 2790 1381 2874 symposium

223 2896 350 2960 fecimus.
388 2903 444 2962 Vix
459 2905 513 2964 suh
531 2910 640 2964 sentam
659 2905 751 2963 noctis
765 2904 983 2964 Rndclstadium
998 2911 1157 2966 remeantes
1171 2905 1294 2966 vidimus
1306 2893 1378 2958 rusti·

223 3017 322 3062 oerum
343 3006 374 3062 in
399 3005 541 3067 Schwartz
565 3010 683 3068 cellaria
705 3009 842 3070 habentia
867 3011 980 3070 circiter
1003 3011 1089 3072 cados
1110 3009 1316 3084 quinquaginta
1333 2995 1380 3060 tili
1457 3039 1458 3064 l

223 3111 331 3181 prater
345 3109 501 3169 cervisiam.
540 3111 656 3172 Habent
671 3129 746 3172 nuuc
765 3117 936 3191 parrochum
953 3115 1111 3190 Casparum
1124 3117 1242 3177 nomino
1257 3117 1285 3175 et
1297 3107 1332 3171 ad
1344 3101 1377 3163 di·

223 3212 345 3272 nostum
353 3213 624 3292 Blauckenbcrgieae
638 3219 712 3278 arcis
727 3222 882 3294 pertinent.
906 3221 946 3281 Et
958 3222 982 3281 is
995 3227 1040 3281 est
1050 3239 1150 3297 pagus,
1166 3239 1185 3283 a
1200 3224 1281 3296 cujus
1294 3207 1378 3276 incelis

223 3334 299 3381 anno
319 3319 467 3395 superiore
481 3319 617 3382 hibertus
637 3325 763 3383 marchio
782 3325 813 3383 in
827 3325 1037 3401 Brandenhurg
1055 3333 1175 3403 proptor
1190 3325 1333 3402 injuriant
1353 3313 1378 3370 ¹¹⁸

222 3425 271 3485 ille
285 3427 496 3503 pretendebat,
521 3430 628 3505 amicis
642 3430 701 3489 suis
721 3429 830 3490 illatcuu
844 3433 940 3506 exegit
954 3433 1180 3508 quadringentos
1199 3444 1314 3498 aureos,
1335 3431 1378 3479 11⁰⁰

222 3531 297 3592 ullus
313 3539 377 3593 crat
390 3536 481 3596 venia
495 3536 585 3612 locus,
598 3537 632 3625 'ni
644 3536 763 3597 vulcano
779 3553 810 3596 se
826 3543 856 3597 et
871 3536 972 3598 domos
986 3554 1053 3598 suas
1068 3539 1152 3598 litare
1165 3536 1328 3600 uoluissent.

310 3636 420 3697 Eadem
439 3641 544 3702 habitae
565 3648 631 3704 sunt
650 3644 757 3718 nuptiae
773 3640 939 3717 Walpurgis
953 3643 1132 3717 Rotschuch,
1157 3659 1222 3716 quse
1241 3636 1322 3702 uxori
1333 3641 1377 3704 ΡΝ

223 3750 292 3795 coca
309 3741 435 3817 servivit,
459 3750 489 3803 et
503 3746 577 3806 Justi
593 3747 683 3823 Sophi
699 3747 877 3822 joculatoris,
897 3748 1049 3822 copulante
1068 3763 1117 3808 eos
1137 3763 1191 3823 per
1208 3746 1323 3808 verbnm
1336 3733 1375 3796 do-

222 3840 291 3900 mini
305 3839 426 3902 Alherto
441 3847 583 3908 Dracone.

311 3947 486 4010 Testudinco
505 3951 599 4025 gradu
615 3971 663 4015 res
684 3956 868 4018 seoschienae
887 3962 917 4018 et
931 3956 1213 4020 Germershausionoe
1235 3943 1375 4033 procedunt

220 4067 256 4114 ae
269 4054 424 4116 verendum
439 4072 475 4117 ne
490 4056 605 4118 inanem
619 4059 697 4119 volet
710 4061 741 4119 in
756 4077 865 4124 curam.

309 4161 545 4236 Expectabautur
561 4160 680 4224 Carolus
694 4179 788 4224 eomes
808 4167 978 4230 atileicheu
992 4177 1023 4231 et
1037 4185 1110 4231 uuor
1130 4170 1208 4242 ojus,
1231 4178 1325 4228 vuum
1335 4168 1373 4216 rt·

222 4264 394 4326 nunciarunt
419 4284 450 4328 se
474 4269 598 4330 mashno
616 4267 770 4330 affuturos.
812 4272 924 4337 Eadem
946 4289 1040 4336 comcs
1060 4273 1259 4350 Wolffgaugus
1277 4271 1373 4334 domun

218 4368 385 4430 smuttur.
