3028 4894
763 301 806 366 28

285 485 355 559 xxiij
368 482 478 560 Aprilis
492 482 565 544 hora
579 489 661 544 serta
675 482 706 542 in
720 481 827 557 templo
842 479 974 542 Mauritii
987 481 1161 544 1)..Joannes
1176 480 1320 542 Henricus
1335 497 1371 542 ex

197 607 260 665 cap.
276 591 315 663 xij
331 590 460 665 epistola
475 589 514 650 ad
528 589 672 649 Romanos
688 587 723 647 de
738 589 783 648 his
798 587 894 648 verbis
909 586 1006 646 Pauli:
1021 588 1146 649 Dilectio
1160 603 1220 647 non
1234 589 1272 648 sit
1286 589 1371 647 simu·

196 698 263 770 lata,
280 697 342 754 sitis
357 694 424 755 odio
439 697 645 769 prosequentes
658 693 734 767 quod
746 694 851 752 malum
864 681 1112 766 decubaremus
1127 695 1154 752 ei
1170 694 1248 766 quod
1263 694 1368 754 bonum

196 808 254 877 est,
277 817 330 876 per
351 797 509 860 fraternam
524 799 673 858 caritatem
688 799 726 858 ad
740 804 839 858 mutuo
855 814 905 858 vos
921 798 1079 872 diligendos
1095 801 1240 874 propensi,
1260 799 1369 860 honore

144 937 147 944 ·
197 908 271 968 alius
286 906 373 966 aliurn
388 903 583 978 praecedentes
600 909 653 987 etc.
692 903 796 978 Ajebat
811 902 932 963 Paulum
953 904 999 962 hic
1014 903 1109 966 dicere
1124 903 1159 964 de
1175 905 1266 964 tribus
1281 906 1371 964 niaxi-

184 1014 249 1071 ·mis
264 1011 413 1086 operibus,
431 1024 570 1068 excusans
586 1013 712 1084 nostros,
729 1008 807 1082 quod
820 1008 877 1067 illis
892 1009 1050 1069 adversarii
1065 1010 1237 1084 objicerent,
1254 1026 1285 1068 se
1300 1010 1371 1068 nihil

196 1118 320 1177 clamare
333 1120 440 1190 preter
455 1111 535 1188 tides,
551 1111 633 1188 fides,
650 1113 731 1188 fides,
748 1115 978 1173 interimnnllam
993 1114 1029 1174 de
1044 1114 1179 1189 operibus
1193 1115 1277 1174 bonis
1293 1131 1372 1174 men-

196 1225 303 1282 tionem
318 1238 367 1282 eos
382 1220 486 1282 iacere.
510 1219 687 1293 Impossibile
703 1222 778 1280 enim
794 1225 850 1294 est,
867 1221 969 1293 inquit,
982 1235 1050 1278 eum
1066 1221 1115 1293 qui
1130 1220 1279 1280 sinceriter
1294 1236 1369 1293 prae-

196 1326 273 1395 dicet
287 1326 487 1402 Evangelium,
504 1341 561 1385 non
576 1327 662 1384 etiarn
677 1325 753 1385 bone
768 1341 856 1399 opera
872 1324 987 1399 dooere,
1004 1325 1055 1386 sed
1070 1341 1105 1386 ea
1119 1342 1184 1399 qnae
1199 1325 1279 1384 Dens
1296 1342 1370 1400 prae·

196 1434 315 1507 ceperit.
337 1433 410 1492 item
425 1433 547 1505 primum
563 1437 592 1490 et
606 1444 744 1490 summum
759 1445 830 1505 opus
846 1446 909 1494 esse
921 1428 1016 1504 fidem,
1034 1448 1098 1503 qnae
1114 1429 1221 1490 Christi
1235 1432 1369 1490 meritum

196 1537 386 1614 apprehendit
399 1553 473 1611 aque
488 1535 550 1596 Deo
565 1541 667 1596 cuncta
682 1536 758 1596 bona
774 1542 919 1612 expectat,
944 1536 1086 1596 adducens
1108 1553 1165 1596 non
1182 1553 1270 1596 unum
1284 1537 1371 1610 hujus

196 1646 241 1704 rei
261 1643 430 1716 exemplum.
468 1640 580 1702 Deinde
603 1641 757 1701 secundum
780 1658 851 1716 opus
874 1643 935 1701 esse
950 1643 1114 1718 caritatem,
1139 1640 1289 1718 proferens
1303 1658 1370 1716 pas-

196 1749 250 1806 sim
271 1763 287 1806 e
309 1748 451 1819 scriptura
477 1747 556 1807 locos
582 1746 617 1806 de
639 1747 776 1820 caritate,
799 1749 889 1808 multa
909 1747 1052 1808 disserens
1077 1749 1112 1808 de
1133 1747 1229 1808 fucata
1252 1753 1281 1806 et
1302 1744 1372 1807 ficta

196 1853 377 1912 simulatione
406 1852 542 1911 coriatis.
588 1852 661 1910 Item
682 1853 856 1926 impossibile
879 1869 955 1928 esse,
984 1869 1049 1913 eum
1069 1855 1118 1927 qui
1143 1852 1200 1912 fide
1221 1854 1375 1913 caritatem

196 1976 266 2034 erga
279 1957 372 2017 Deum
387 1959 563 2031 conceperit,
587 1972 644 2016 non
660 1958 774 2017 salvari.
813 1957 967 2019 Adducens
982 1959 1142 2032 exemplum
1158 1974 1243 2032 quarn
1257 1963 1373 2031 matum

196 2064 304 2126 sitDeo
320 2065 381 2137 ejus
396 2063 485 2123 verbo
500 2068 529 2123 et
543 2062 888 2138 obedientiampraestare
904 2069 933 2123 et
947 2064 1082 2138 idipsum
1097 2064 1223 2125 credere.
1248 2063 1279 2130 Si
1294 2064 1373 2136 quis·

197 2169 284 2244 piam,
299 2169 401 2242 inquit,
417 2183 435 2226 a
449 2183 519 2242 rege
534 2167 588 2228 sibi
603 2166 658 2226 diei
676 2168 828 2243 audiverit,
853 2170 897 2228 Tu
911 2171 981 2230 mihi
995 2167 1086 2244 sedito,
1104 2185 1175 2228 meae
1190 2185 1267 2228 curae
1280 2172 1310 2227 ta
1325 2184 1372 2227 re·

197 2275 335 2349 linquite,
361 2273 430 2332 mihi
454 2274 529 2333 enirn
552 2273 766 2334 commendatus
785 2275 861 2348 ieris,
888 2278 1053 2350 majoraque
1078 2276 1130 2335 tibi
1155 2275 1275 2334 daturus
1298 2291 1371 2350 sum,

198 2396 283 2456 qnam
298 2396 316 2439 a
329 2395 375 2440 me
391 2384 527 2454 expetere
543 2395 629 2438 ausus
643 2377 755 2453 fuisses,
780 2395 874 2440 nonne
890 2381 914 2438 si
930 2382 954 2438 is
969 2381 1136 2455 imperatori
1154 2379 1240 2439 fidem
1254 2379 1370 2455 habeat,

197 2486 239 2546 illi
253 2486 430 2560 gratissimus
446 2482 520 2544 erit?
550 2483 633 2545 Licet
648 2501 700 2544 rex
715 2485 759 2544 vel
774 2487 931 2559 imperator
946 2501 1009 2559 quae
1025 2486 1166 2560 pollicitus
1182 2490 1226 2545 est
1241 2501 1299 2546 non
1314 2491 1373 2548 sta-

197 2593 248 2652 thn
262 2592 326 2666 ipse
344 2595 471 2666 praestat.
510 2591 614 2650 Nonne
634 2591 679 2649 hic
698 2589 775 2650 bona
794 2606 844 2664 spe
861 2590 944 2650 laetus
965 2592 1061 2650 omnia
1082 2607 1146 2664 qua
1162 2589 1269 2650 Oaesari
1290 2591 1372 2651 cordi

198 2713 261 2757 esse
276 2693 377 2774 (scit)¹
392 2694 480 2756 facit?
505 2701 536 2754 at
550 2693 625 2756 forte
639 2689 775 2756 cacumen
786 2701 878 2755 morte
888 2698 1039 2769 praeveniri
1055 2698 1177 2772 eveniat,
1194 2713 1251 2770 quo
1266 2698 1371 2770 minus,

198 2819 260 2877 qnae
276 2803 456 2877 promiserat,
472 2804 590 2876 exsequi
604 2806 709 2876 posset.
733 2801 787 2861 Est
802 2801 878 2860 enim
890 2802 981 2859 onmis
997 2801 1080 2860 homo
1095 2800 1228 2862 mendax.
1254 2803 1371 2876 Quanto

198 2907 287 2981 magis
302 2906 382 2966 Deus
397 2906 596 2966 redonaturus
612 2911 665 2980 est,
689 2923 707 2964 a
723 2923 778 2980 quo
794 2907 889 2984 omnia
904 2905 1120 2980 exspectamus?
1158 2909 1186 2966 Is
1203 2907 1278 2966 enim
1292 2908 1371 2968 solus

201 3015 246 3070 est
260 3026 359 3084 verax,
375 3016 404 3069 et
418 3026 594 3084 quaecunque
609 3012 699 3070 voluit
713 3016 742 3070 et
756 3017 895 3085 prestere
911 3016 941 3072 et
954 3010 1050 3072 iacere
1064 3018 1168 3087 potest.
1205 3013 1279 3072 Item
1293 3013 1372 3086 quod

198 3118 223 3176 is
239 3115 333 3175 cultus
348 3113 416 3190 Dei,
440 3129 525 3186 quern
546 3115 666 3189 papistee
681 3117 713 3173 in
726 3115 787 3174 solo
802 3117 908 3191 templo
928 3118 980 3178 sub
1002 3117 1105 3177 divinis
1126 3117 1171 3195 (ut
1184 3117 1241 3192 ipsi
1254 3117 1371 3194 vocant)

198 3221 370 3296 probitatem
394 3220 538 3293 quendam
561 3236 620 3294 prae
643 3237 674 3279 se
694 3219 813 3280 ferendo
835 3227 986 3296 praestant,
1015 3222 1078 3282 Dec
1102 3222 1299 3284 abominabilis
1323 3224 1369 3284 sit.

197 3327 304 3387 Verum
328 3323 521 3384 Christianum
543 3327 574 3385 in
596 3325 673 3385 omni
694 3325 755 3386 loco
774 3325 977 3389 dominationis
1000 3327 1106 3388 domini
1125 3327 1231 3388 debere
1253 3345 1284 3388 se
1305 3328 1371 3390 Deo

198 3430 389 3506 obedientem,
414 3429 470 3492 fide
485 3446 559 3506 pura
574 3436 604 3490 et
617 3415 677 3490 vita
692 3432 765 3491 bene
780 3433 913 3493 instituta
932 3432 1066 3492 exhibere
1081 3438 1134 3492 eto.
1156 3433 1217 3500 vOb
1231 3436 1370 3509 temporis

198 3545 293 3598 autern
308 3538 459 3612 penuriam
479 3535 516 3596 de
536 3539 623 3597 tertio
638 3553 725 3612 opere
743 3539 892 3598 absolvere
911 3554 969 3597 non
990 3539 1098 3612 potuit,
1121 3540 1278 3614 suscipiens
1291 3539 1322 3600 id
1338 3557 1370 3599 se

198 3644 328 3720 proxima
343 3645 477 3703 concione
492 3640 642 3702 facturum.
680 3644 715 3702 In
730 3642 973 3705 obsecrationibus
992 3659 1045 3717 pro
1060 3645 1181 3718 captivis
1196 3644 1325 3705 omnibus
1341 3650 1370 3705 et

197 3765 251 3822 pro
265 3748 310 3820 iis,
326 3747 376 3818 qni
391 3749 450 3807 sire
465 3747 543 3820 apud
558 3748 679 3821 Turcas,
695 3751 754 3809 sive
769 3749 837 3809 alibi
857 3749 985 3808 iocorum
999 3749 1037 3808 ob
1051 3750 1180 3808 veritatis
1195 3749 1369 3824 agnitionem

198 3857 449 3928 persequerentur,
465 3867 549 3911 orare
560 3853 655 3925 iussit.
680 3855 734 3926 Qui
749 3859 844 3928 potest
858 3870 978 3928 capere,
994 3854 1098 3928 capiat.
1119 3871 1128 3888 ·

286 3957 313 4016 A
327 3957 462 4016 concione
477 3955 559 4014 nobis
573 3955 649 4016 forte
664 3957 780 4018 fortuna
801 3957 914 4018 obviam
934 3955 968 4018 fit
982 3958 1113 4018 Matthia
1128 3959 1165 4018 ab
1180 3958 1370 4019 Aldenboken

197 4060 288 4138 filins,
309 4062 420 4122 baliuus
442 4060 624 4121 steinfordioe
646 4068 675 4122 et
689 4062 792 4138 Ladae,
815 4064 922 4138 ordinis
943 4062 980 4121 D.
1000 4063 1121 4154 Joannis
1141 4062 1295 4138 Baptista,
1318 4065 1369 4138 qui

197 4167 260 4227 heri
274 4167 396 4241 primum
411 4184 429 4226 e
444 4165 622 4242 proiectione
637 4183 673 4227 cx
687 4169 780 4228 insula
793 4169 886 4227 Malta
901 4184 932 4226 se
946 4183 1094 4226 reversum
1106 4172 1136 4227 et
1145 4166 1305 4242 Angustam
1318 4186 1367 4230 ve·

775 4304 790 4337 *

273 4394 284 4441 1
305 4388 399 4441 Diores
418 4395 482 4442 nort
499 4388 565 4442 fehlt
582 4389 619 4441 inr
637 4403 713 4441 mser.
822 4403 824 4410 ‘
