<?xml version="1.0" encoding="UTF-8"?>
<!DOCTYPE html PUBLIC "-//W3C//DTD XHTML 1.0 Transitional//EN"
    "http://www.w3.org/TR/xhtml1/DTD/xhtml1-transitional.dtd">
<html xmlns="http://www.w3.org/1999/xhtml" xml:lang="en" lang="en">
 <head>
  <title>
</title>
<meta http-equiv="Content-Type" content="text/html;charset=utf-8" />
  <meta name='ocr-system' content='tesseract 3.04.00' />
  <meta name='ocr-capabilities' content='ocr_page ocr_carea ocr_par ocr_line ocrx_word'/>
</head>
<body>
  <div class='ocr_page' id='page_1' title='image "./desgrafenwolrad01trosgoog_0207.png"; bbox 0 0 2966 4900; ppageno 0'>
   <div class='ocr_carea' id='block_1_1' title="bbox 752 281 815 348">
    <p class='ocr_par' dir='ltr' id='par_1_1' title="bbox 752 281 815 348">
     <span class='ocr_line' id='line_1_1' title="bbox 752 281 815 348; baseline -0.032 0"><span class='ocrx_word' id='word_1_1' title='bbox 752 281 815 348; x_wconf 88' lang='lat' dir='ltr'><strong>lae</strong></span> 
     </span>
    </p>
   </div>
   <div class='ocr_carea' id='block_1_2' title="bbox 196 457 1366 1059">
    <p class='ocr_par' dir='ltr' id='par_1_2' title="bbox 196 457 1366 1059">
     <span class='ocr_line' id='line_1_2' title="bbox 196 457 1359 538; baseline -0.003 -14"><span class='ocrx_word' id='word_1_2' title='bbox 196 465 381 526; x_wconf 72' lang='lat' dir='ltr'><strong>saavedrae</strong></span> <span class='ocrx_word' id='word_1_3' title='bbox 395 461 606 524; x_wconf 82' lang='lat' dir='ltr'><strong>inobedientem</strong></span> <span class='ocrx_word' id='word_1_4' title='bbox 620 464 782 538; x_wconf 72' lang='lat' dir='ltr'><strong>praestabit,</strong></span> <span class='ocrx_word' id='word_1_5' title='bbox 806 463 858 522; x_wconf 90' lang='lat' dir='ltr'><strong>sed</strong></span> <span class='ocrx_word' id='word_1_6' title='bbox 873 463 970 522; x_wconf 90' lang='lat' dir='ltr'><strong>omnia</strong></span> <span class='ocrx_word' id='word_1_7' title='bbox 985 460 1098 522; x_wconf 79' lang='lat' dir='ltr'><strong>Christo</strong></span> <span class='ocrx_word' id='word_1_8' title='bbox 1121 459 1240 536; x_wconf 86' lang='lat' dir='ltr'><strong>auspice</strong></span> <span class='ocrx_word' id='word_1_9' title='bbox 1260 476 1290 520; x_wconf 87' lang='lat' dir='ltr'><strong>ae</strong></span> <span class='ocrx_word' id='word_1_10' title='bbox 1307 457 1359 520; x_wconf 83' lang='lat' dir='ltr'><strong>iee-</strong></span> 
     </span>
     <span class='ocr_line' id='line_1_3' title="bbox 196 566 1362 642; baseline -0.006 -14"><span class='ocrx_word' id='word_1_11' title='bbox 196 571 293 628; x_wconf 82' lang='lat' dir='ltr'><strong>tmuca</strong></span> <span class='ocrx_word' id='word_1_12' title='bbox 312 568 467 642; x_wconf 86' lang='lat' dir='ltr'><strong>promittit,</strong></span> <span class='ocrx_word' id='word_1_13' title='bbox 490 584 555 640; x_wconf 78' lang='lat' dir='ltr'><strong>qua</strong></span> <span class='ocrx_word' id='word_1_14' title='bbox 575 569 697 642; x_wconf 90' lang='lat' dir='ltr'><strong>probum</strong></span> <span class='ocrx_word' id='word_1_15' title='bbox 716 575 747 628; x_wconf 89' lang='lat' dir='ltr'><strong>et</strong></span> <span class='ocrx_word' id='word_1_16' title='bbox 766 567 881 627; x_wconf 89' lang='lat' dir='ltr'><strong>fidelem</strong></span> <span class='ocrx_word' id='word_1_17' title='bbox 901 568 1033 627; x_wconf 86' lang='lat' dir='ltr'><strong>comitem</strong></span> <span class='ocrx_word' id='word_1_18' title='bbox 1055 568 1173 642; x_wconf 88' lang='lat' dir='ltr'><strong>imperii</strong></span> <span class='ocrx_word' id='word_1_19' title='bbox 1189 567 1298 625; x_wconf 82' lang='lat' dir='ltr'><strong>docent</strong></span> <span class='ocrx_word' id='word_1_20' title='bbox 1324 566 1362 622; x_wconf 81' lang='lat' dir='ltr'><strong>de</strong></span> 
     </span>
     <span class='ocr_line' id='line_1_4' title="bbox 197 669 1364 746; baseline -0.004 -14"><span class='ocrx_word' id='word_1_21' title='bbox 197 675 239 734; x_wconf 90' lang='lat' dir='ltr'><strong>sic</strong></span> <span class='ocrx_word' id='word_1_22' title='bbox 252 673 387 734; x_wconf 86' lang='lat' dir='ltr'><strong>Liberius</strong></span> <span class='ocrx_word' id='word_1_23' title='bbox 402 672 490 732; x_wconf 82' lang='lat' dir='ltr'><strong>siluit</strong></span> <span class='ocrx_word' id='word_1_24' title='bbox 520 673 681 746; x_wconf 78' lang='lat' dir='ltr'><strong>Imperator</strong></span> <span class='ocrx_word' id='word_1_25' title='bbox 695 675 784 746; x_wconf 76' lang='lat' dir='ltr'><strong>igitur</strong></span> <span class='ocrx_word' id='word_1_26' title='bbox 799 673 965 746; x_wconf 81' lang='lat' dir='ltr'><strong>episcopum</strong></span> <span class='ocrx_word' id='word_1_27' title='bbox 978 672 1206 731; x_wconf 75' lang='lat' dir='ltr'><strong>anebamnsem</strong></span> <span class='ocrx_word' id='word_1_28' title='bbox 1220 677 1251 729; x_wconf 87' lang='lat' dir='ltr'><strong>et</strong></span> <span class='ocrx_word' id='word_1_29' title='bbox 1264 670 1292 728; x_wconf 86' lang='lat' dir='ltr'><strong>d</strong></span> <span class='ocrx_word' id='word_1_30' title='bbox 1303 669 1364 728; x_wconf 87' lang='lat' dir='ltr'><strong>Pbi·</strong></span> 
     </span>
     <span class='ocr_line' id='line_1_5' title="bbox 197 772 1365 853; baseline -0.005 -17"><span class='ocrx_word' id='word_1_31' title='bbox 197 772 306 853; x_wconf 90' lang='lat' dir='ltr'><strong>lippum</strong></span> <span class='ocrx_word' id='word_1_32' title='bbox 327 777 442 836; x_wconf 91' lang='lat' dir='ltr'><strong>Seldnm</strong></span> <span class='ocrx_word' id='word_1_33' title='bbox 464 777 502 836; x_wconf 90' lang='lat' dir='ltr'><strong>ad</strong></span> <span class='ocrx_word' id='word_1_34' title='bbox 524 793 555 835; x_wconf 91' lang='lat' dir='ltr'><strong>se</strong></span> <span class='ocrx_word' id='word_1_35' title='bbox 576 793 681 836; x_wconf 85' lang='lat' dir='ltr'><strong>uocaus</strong></span> <span class='ocrx_word' id='word_1_36' title='bbox 703 777 828 848; x_wconf 89' lang='lat' dir='ltr'><strong>paucula</strong></span> <span class='ocrx_word' id='word_1_37' title='bbox 849 791 913 834; x_wconf 90' lang='lat' dir='ltr'><strong>cum</strong></span> <span class='ocrx_word' id='word_1_38' title='bbox 935 777 980 834; x_wconf 89' lang='lat' dir='ltr'><strong>his</strong></span> <span class='ocrx_word' id='word_1_39' title='bbox 999 777 1161 834; x_wconf 81' lang='lat' dir='ltr'><strong>collocutura</strong></span> <span class='ocrx_word' id='word_1_40' title='bbox 1183 781 1245 846; x_wconf 87' lang='lat' dir='ltr'><strong>est,</strong></span> <span class='ocrx_word' id='word_1_41' title='bbox 1268 774 1365 832; x_wconf 75' lang='lat' dir='ltr'><strong>edicet</strong></span> 
     </span>
     <span class='ocr_line' id='line_1_6' title="bbox 196 875 1366 956; baseline -0.009 -14"><span class='ocrx_word' id='word_1_42' title='bbox 196 882 299 956; x_wconf 73' lang='lat' dir='ltr'><strong>gallice</strong></span> <span class='ocrx_word' id='word_1_43' title='bbox 314 882 377 940; x_wconf 88' lang='lat' dir='ltr'><strong>Pau</strong></span> <span class='ocrx_word' id='word_1_44' title='bbox 392 886 453 940; x_wconf 87' lang='lat' dir='ltr'><strong>east</strong></span> <span class='ocrx_word' id='word_1_45' title='bbox 468 877 522 940; x_wconf 89' lang='lat' dir='ltr'><strong>iais</strong></span> <span class='ocrx_word' id='word_1_46' title='bbox 536 881 584 952; x_wconf 74' lang='lat' dir='ltr'><strong>poi</strong></span> <span class='ocrx_word' id='word_1_47' title='bbox 598 885 654 940; x_wconf 91' lang='lat' dir='ltr'><strong>ete.</strong></span> <span class='ocrx_word' id='word_1_48' title='bbox 684 879 797 940; x_wconf 85' lang='lat' dir='ltr'>Deinde</span> <span class='ocrx_word' id='word_1_49' title='bbox 812 897 865 954; x_wconf 91' lang='lat' dir='ltr'><strong>per</strong></span> <span class='ocrx_word' id='word_1_50' title='bbox 886 881 1032 940; x_wconf 92' lang='lat' dir='ltr'><strong>doctorem</strong></span> <span class='ocrx_word' id='word_1_51' title='bbox 1057 880 1180 939; x_wconf 86' lang='lat' dir='ltr'><strong>Seldnm</strong></span> <span class='ocrx_word' id='word_1_52' title='bbox 1200 875 1366 936; x_wconf 80' lang='lat' dir='ltr'><strong>vicecancel-</strong></span> 
     </span>
     <span class='ocr_line' id='line_1_7' title="bbox 197 983 1365 1059; baseline -0.003 -15"><span class='ocrx_word' id='word_1_53' title='bbox 197 986 300 1044; x_wconf 88' lang='lat' dir='ltr'><strong>larinm</strong></span> <span class='ocrx_word' id='word_1_54' title='bbox 315 983 472 1058; x_wconf 88' lang='lat' dir='ltr'><strong>respondit,</strong></span> <span class='ocrx_word' id='word_1_55' title='bbox 488 1001 560 1056; x_wconf 91' lang='lat' dir='ltr'><strong>pene</strong></span> <span class='ocrx_word' id='word_1_56' title='bbox 576 986 679 1058; x_wconf 92' lang='lat' dir='ltr'><strong>omnia,</strong></span> <span class='ocrx_word' id='word_1_57' title='bbox 696 1001 761 1058; x_wconf 84' lang='lat' dir='ltr'><strong>quae</strong></span> <span class='ocrx_word' id='word_1_58' title='bbox 775 984 910 1043; x_wconf 91' lang='lat' dir='ltr'><strong>Liberius</strong></span> <span class='ocrx_word' id='word_1_59' title='bbox 925 986 1052 1059; x_wconf 79' lang='lat' dir='ltr'><strong>dixerat,</strong></span> <span class='ocrx_word' id='word_1_60' title='bbox 1068 987 1218 1044; x_wconf 80' lang='lat' dir='ltr'><strong>verbatim</strong></span> <span class='ocrx_word' id='word_1_61' title='bbox 1232 988 1365 1054; x_wconf 79' lang='lat' dir='ltr'><strong>repetens,</strong></span> 
     </span>
    </p>
   </div>
   <div class='ocr_carea' id='block_1_3' title="bbox 197 1083 1456 1179">
    <p class='ocr_par' dir='ltr' id='par_1_3' title="bbox 197 1083 1456 1179">
     <span class='ocr_line' id='line_1_8' title="bbox 197 1083 1456 1179; baseline -0.006 -31"><span class='ocrx_word' id='word_1_62' title='bbox 197 1102 296 1148; x_wconf 86' lang='lat' dir='ltr'><strong>aarum</strong></span> <span class='ocrx_word' id='word_1_63' title='bbox 307 1088 431 1148; x_wconf 77' lang='lat' dir='ltr'><strong>addidit:</strong></span> <span class='ocrx_word' id='word_1_64' title='bbox 448 1089 652 1148; x_wconf 84' lang='lat' dir='ltr'><strong>invictissimus</strong></span> <span class='ocrx_word' id='word_1_65' title='bbox 662 1089 906 1148; x_wconf 89' lang='lat' dir='ltr'><strong>etillnstrissimus</strong></span> <span class='ocrx_word' id='word_1_66' title='bbox 916 1089 1163 1150; x_wconf 80' lang='lat' dir='ltr'><strong>nostercaesarob</strong></span> <span class='ocrx_word' id='word_1_67' title='bbox 1176 1083 1367 1148; x_wconf 89' lang='lat' dir='ltr'><strong>honoremdei</strong></span> <span class='ocrx_word' id='word_1_68' title='bbox 1455 1113 1456 1179; x_wconf 77' lang='lat' dir='ltr'><strong>l</strong></span> 
     </span>
    </p>
   </div>
   <div class='ocr_carea' id='block_1_4' title="bbox 197 1189 1369 1478">
    <p class='ocr_par' dir='ltr' id='par_1_4' title="bbox 197 1189 1369 1478">
     <span class='ocr_line' id='line_1_9' title="bbox 198 1189 1367 1266; baseline -0.005 -14"><span class='ocrx_word' id='word_1_69' title='bbox 198 1198 299 1254; x_wconf 84' lang='lat' dir='ltr'><strong>etanta</strong></span> <span class='ocrx_word' id='word_1_70' title='bbox 314 1208 404 1254; x_wconf 84' lang='lat' dir='ltr'><strong>sacrae</strong></span> <span class='ocrx_word' id='word_1_71' title='bbox 419 1209 552 1252; x_wconf 86' lang='lat' dir='ltr'><strong>caesareae</strong></span> <span class='ocrx_word' id='word_1_72' title='bbox 568 1209 693 1252; x_wconf 84' lang='lat' dir='ltr'><strong>romanae</strong></span> <span class='ocrx_word' id='word_1_73' title='bbox 701 1194 861 1266; x_wconf 72' lang='lat' dir='ltr'><strong>maiestatis</strong></span> <span class='ocrx_word' id='word_1_74' title='bbox 870 1195 998 1252; x_wconf 86' lang='lat' dir='ltr'><strong>innatam</strong></span> <span class='ocrx_word' id='word_1_75' title='bbox 1010 1195 1196 1254; x_wconf 85' lang='lat' dir='ltr'><strong>clementiam</strong></span> <span class='ocrx_word' id='word_1_76' title='bbox 1205 1189 1367 1250; x_wconf 88' lang='lat' dir='ltr'><strong>Wolradum</strong></span> 
     </span>
     <span class='ocr_line' id='line_1_10' title="bbox 197 1294 1368 1370; baseline -0.007 -12"><span class='ocrx_word' id='word_1_77' title='bbox 197 1299 329 1358; x_wconf 89' lang='lat' dir='ltr'><strong>comitem</strong></span> <span class='ocrx_word' id='word_1_78' title='bbox 351 1315 370 1358; x_wconf 88' lang='lat' dir='ltr'><strong>a</strong></span> <span class='ocrx_word' id='word_1_79' title='bbox 391 1297 531 1358; x_wconf 88' lang='lat' dir='ltr'><strong>Waldeek</strong></span> <span class='ocrx_word' id='word_1_80' title='bbox 554 1299 699 1359; x_wconf 89' lang='lat' dir='ltr'><strong>dominum</strong></span> <span class='ocrx_word' id='word_1_81' title='bbox 720 1313 813 1356; x_wconf 91' lang='lat' dir='ltr'><strong>meum</strong></span> <span class='ocrx_word' id='word_1_82' title='bbox 837 1299 994 1370; x_wconf 79' lang='lat' dir='ltr'><strong>gratiosum</strong></span> <span class='ocrx_word' id='word_1_83' title='bbox 1018 1316 1076 1358; x_wconf 90' lang='lat' dir='ltr'><strong>nna</strong></span> <span class='ocrx_word' id='word_1_84' title='bbox 1102 1315 1170 1356; x_wconf 92' lang='lat' dir='ltr'><strong>eum</strong></span> <span class='ocrx_word' id='word_1_85' title='bbox 1198 1295 1323 1356; x_wconf 84' lang='lat' dir='ltr'><strong>subditis</strong></span> <span class='ocrx_word' id='word_1_86' title='bbox 1342 1294 1368 1350; x_wconf 93' lang='lat' dir='ltr'><strong>in</strong></span> 
     </span>
     <span class='ocr_line' id='line_1_11' title="bbox 198 1397 1369 1478; baseline -0.011 -13"><span class='ocrx_word' id='word_1_87' title='bbox 198 1405 320 1478; x_wconf 69' lang='lat' dir='ltr'><strong>praem</strong></span> <span class='ocrx_word' id='word_1_88' title='bbox 335 1403 436 1476; x_wconf 82' lang='lat' dir='ltr'><strong>recipit</strong></span> <span class='ocrx_word' id='word_1_89' title='bbox 451 1409 479 1462; x_wconf 90' lang='lat' dir='ltr'><strong>et</strong></span> <span class='ocrx_word' id='word_1_90' title='bbox 494 1419 597 1462; x_wconf 85' lang='lat' dir='ltr'><strong>noxam</strong></span> <span class='ocrx_word' id='word_1_91' title='bbox 611 1397 653 1460; x_wconf 89' lang='lat' dir='ltr'><strong>illi</strong></span> <span class='ocrx_word' id='word_1_92' title='bbox 668 1419 721 1476; x_wconf 90' lang='lat' dir='ltr'><strong>pro</strong></span> <span class='ocrx_word' id='word_1_93' title='bbox 740 1403 794 1460; x_wconf 92' lang='lat' dir='ltr'><strong>hae</strong></span> <span class='ocrx_word' id='word_1_94' title='bbox 815 1403 876 1460; x_wconf 81' lang='lat' dir='ltr'><strong>vioe</strong></span> <span class='ocrx_word' id='word_1_95' title='bbox 897 1404 1032 1476; x_wconf 83' lang='lat' dir='ltr'><strong>remittit,</strong></span> <span class='ocrx_word' id='word_1_96' title='bbox 1058 1419 1093 1461; x_wconf 89' lang='lat' dir='ltr'><strong>ea</strong></span> <span class='ocrx_word' id='word_1_97' title='bbox 1113 1409 1217 1461; x_wconf 64' lang='lat' dir='ltr'><strong>amen</strong></span> <span class='ocrx_word' id='word_1_98' title='bbox 1241 1402 1319 1472; x_wconf 81' lang='lat' dir='ltr'><strong>lege,</strong></span> <span class='ocrx_word' id='word_1_99' title='bbox 1341 1401 1369 1453; x_wconf 87' lang='lat' dir='ltr'><strong>ut</strong></span> 
     </span>
    </p>
   </div>
   <div class='ocr_carea' id='block_1_5' title="bbox 198 1504 1457 1582">
    <p class='ocr_par' dir='ltr' id='par_1_5' title="bbox 198 1504 1457 1582">
     <span class='ocr_line' id='line_1_12' title="bbox 198 1504 1457 1582; baseline -0.005 -14"><span class='ocrx_word' id='word_1_100' title='bbox 198 1510 303 1582; x_wconf 86' lang='lat' dir='ltr'><strong>omnia,</strong></span> <span class='ocrx_word' id='word_1_101' title='bbox 319 1524 383 1580; x_wconf 78' lang='lat' dir='ltr'><strong>qna</strong></span> <span class='ocrx_word' id='word_1_102' title='bbox 398 1508 428 1564; x_wconf 91' lang='lat' dir='ltr'><strong>in</strong></span> <span class='ocrx_word' id='word_1_103' title='bbox 444 1508 647 1579; x_wconf 78' lang='lat' dir='ltr'><strong>capitulatione</strong></span> <span class='ocrx_word' id='word_1_104' title='bbox 661 1506 868 1580; x_wconf 87' lang='lat' dir='ltr'><strong>comprehensa</strong></span> <span class='ocrx_word' id='word_1_105' title='bbox 883 1513 960 1581; x_wconf 90' lang='lat' dir='ltr'><strong>sunt,</strong></span> <span class='ocrx_word' id='word_1_106' title='bbox 976 1508 1013 1566; x_wconf 92' lang='lat' dir='ltr'><strong>ab</strong></span> <span class='ocrx_word' id='word_1_107' title='bbox 1028 1507 1104 1566; x_wconf 87' lang='lat' dir='ltr'><strong>dieto</strong></span> <span class='ocrx_word' id='word_1_108' title='bbox 1118 1508 1228 1566; x_wconf 87' lang='lat' dir='ltr'><strong>comite</strong></span> <span class='ocrx_word' id='word_1_109' title='bbox 1236 1504 1367 1578; x_wconf 91' lang='lat' dir='ltr'><strong>impleau·</strong></span> <span class='ocrx_word' id='word_1_110' title='bbox 1456 1527 1457 1562; x_wconf 59' lang='lat' dir='ltr'><strong>t</strong></span> 
     </span>
    </p>
   </div>
   <div class='ocr_carea' id='block_1_6' title="bbox 196 1606 1367 2310">
    <p class='ocr_par' dir='ltr' id='par_1_6' title="bbox 196 1606 1367 2310">
     <span class='ocr_line' id='line_1_13' title="bbox 198 1606 1366 1685; baseline -0.005 -15"><span class='ocrx_word' id='word_1_111' title='bbox 198 1616 246 1672; x_wconf 89' lang='lat' dir='ltr'><strong>tur</strong></span> <span class='ocrx_word' id='word_1_112' title='bbox 261 1617 291 1670; x_wconf 89' lang='lat' dir='ltr'><strong>et</strong></span> <span class='ocrx_word' id='word_1_113' title='bbox 305 1615 463 1670; x_wconf 73' lang='lat' dir='ltr'><strong>servamur.</strong></span> <span class='ocrx_word' id='word_1_114' title='bbox 493 1611 571 1671; x_wconf 83' lang='lat' dir='ltr'><strong>Etsi</strong></span> <span class='ocrx_word' id='word_1_115' title='bbox 586 1611 706 1684; x_wconf 87' lang='lat' dir='ltr'><strong>posthae</strong></span> <span class='ocrx_word' id='word_1_116' title='bbox 720 1612 851 1670; x_wconf 89' lang='lat' dir='ltr'><strong>comitem</strong></span> <span class='ocrx_word' id='word_1_117' title='bbox 866 1609 980 1670; x_wconf 88' lang='lat' dir='ltr'><strong>fidelem</strong></span> <span class='ocrx_word' id='word_1_118' title='bbox 995 1619 1023 1670; x_wconf 87' lang='lat' dir='ltr'><strong>et</strong></span> <span class='ocrx_word' id='word_1_119' title='bbox 1037 1612 1165 1685; x_wconf 89' lang='lat' dir='ltr'><strong>probum</strong></span> <span class='ocrx_word' id='word_1_120' title='bbox 1186 1627 1221 1670; x_wconf 88' lang='lat' dir='ltr'><strong>se</strong></span> <span class='ocrx_word' id='word_1_121' title='bbox 1242 1606 1366 1683; x_wconf 80' lang='lat' dir='ltr'><strong>gesserit,</strong></span> 
     </span>
     <span class='ocr_line' id='line_1_14' title="bbox 199 1713 1366 1790; baseline -0.005 -16"><span class='ocrx_word' id='word_1_122' title='bbox 199 1713 254 1774; x_wconf 84' lang='lat' dir='ltr'><strong>eibi</strong></span> <span class='ocrx_word' id='word_1_123' title='bbox 275 1713 522 1774; x_wconf 85' lang='lat' dir='ltr'><strong>clementissimum</strong></span> <span class='ocrx_word' id='word_1_124' title='bbox 542 1730 679 1774; x_wconf 85' lang='lat' dir='ltr'><strong>caesarem</strong></span> <span class='ocrx_word' id='word_1_125' title='bbox 697 1731 751 1774; x_wconf 89' lang='lat' dir='ltr'><strong>neo</strong></span> <span class='ocrx_word' id='word_1_126' title='bbox 770 1730 827 1774; x_wconf 92' lang='lat' dir='ltr'><strong>non</strong></span> <span class='ocrx_word' id='word_1_127' title='bbox 849 1720 879 1774; x_wconf 88' lang='lat' dir='ltr'><strong>et</strong></span> <span class='ocrx_word' id='word_1_128' title='bbox 898 1714 957 1774; x_wconf 92' lang='lat' dir='ltr'><strong>suis</strong></span> <span class='ocrx_word' id='word_1_129' title='bbox 977 1715 1097 1774; x_wconf 91' lang='lat' dir='ltr'><strong>subditis</strong></span> <span class='ocrx_word' id='word_1_130' title='bbox 1121 1720 1300 1790; x_wconf 81' lang='lat' dir='ltr'><strong>experturus</strong></span> <span class='ocrx_word' id='word_1_131' title='bbox 1319 1715 1366 1768; x_wconf 90' lang='lat' dir='ltr'><strong>est.</strong></span> 
     </span>
     <span class='ocr_line' id='line_1_15' title="bbox 198 1815 1367 1892; baseline 0 -16"><span class='ocrx_word' id='word_1_132' title='bbox 198 1815 251 1876; x_wconf 77' lang='lat' dir='ltr'><strong>tite</strong></span> <span class='ocrx_word' id='word_1_133' title='bbox 265 1817 348 1878; x_wconf 77' lang='lat' dir='ltr'><strong>dietis</strong></span> <span class='ocrx_word' id='word_1_134' title='bbox 362 1817 519 1892; x_wconf 89' lang='lat' dir='ltr'><strong>imperator</strong></span> <span class='ocrx_word' id='word_1_135' title='bbox 534 1831 619 1878; x_wconf 86' lang='lat' dir='ltr'><strong>manu</strong></span> <span class='ocrx_word' id='word_1_136' title='bbox 633 1823 712 1880; x_wconf 66' lang='lat' dir='ltr'><strong>mom</strong></span> <span class='ocrx_word' id='word_1_137' title='bbox 726 1819 824 1879; x_wconf 85' lang='lat' dir='ltr'><strong>maed</strong></span> <span class='ocrx_word' id='word_1_138' title='bbox 839 1835 870 1878; x_wconf 88' lang='lat' dir='ltr'><strong>se</strong></span> <span class='ocrx_word' id='word_1_139' title='bbox 885 1820 1015 1880; x_wconf 89' lang='lat' dir='ltr'><strong>vocabat.</strong></span> <span class='ocrx_word' id='word_1_140' title='bbox 1058 1820 1133 1892; x_wconf 79' lang='lat' dir='ltr'><strong>Quia</strong></span> <span class='ocrx_word' id='word_1_141' title='bbox 1148 1836 1222 1878; x_wconf 84' lang='lat' dir='ltr'><strong>vero</strong></span> <span class='ocrx_word' id='word_1_142' title='bbox 1243 1816 1313 1876; x_wconf 87' lang='lat' dir='ltr'><strong>mihi</strong></span> <span class='ocrx_word' id='word_1_143' title='bbox 1330 1815 1367 1871; x_wconf 87' lang='lat' dir='ltr'><strong>in·</strong></span> 
     </span>
     <span class='ocr_line' id='line_1_16' title="bbox 196 1920 1367 1998; baseline -0.004 -16"><span class='ocrx_word' id='word_1_144' title='bbox 196 1923 326 1996; x_wconf 76' lang='lat' dir='ltr'><strong>jureium</strong></span> <span class='ocrx_word' id='word_1_145' title='bbox 341 1925 417 1996; x_wconf 88' lang='lat' dir='ltr'><strong>erat,</strong></span> <span class='ocrx_word' id='word_1_146' title='bbox 441 1938 478 1980; x_wconf 87' lang='lat' dir='ltr'><strong>ue</strong></span> <span class='ocrx_word' id='word_1_147' title='bbox 492 1923 523 1980; x_wconf 89' lang='lat' dir='ltr'><strong>iu</strong></span> <span class='ocrx_word' id='word_1_148' title='bbox 535 1920 638 1982; x_wconf 84' lang='lat' dir='ltr'><strong>faciem</strong></span> <span class='ocrx_word' id='word_1_149' title='bbox 656 1924 838 1998; x_wconf 88' lang='lat' dir='ltr'><strong>imperatoris</strong></span> <span class='ocrx_word' id='word_1_150' title='bbox 860 1924 1046 1998; x_wconf 87' lang='lat' dir='ltr'><strong>inspicerem,</strong></span> <span class='ocrx_word' id='word_1_151' title='bbox 1070 1930 1231 1997; x_wconf 81' lang='lat' dir='ltr'><strong>autequam</strong></span> <span class='ocrx_word' id='word_1_152' title='bbox 1252 1922 1291 1981; x_wconf 90' lang='lat' dir='ltr'><strong>ab</strong></span> <span class='ocrx_word' id='word_1_153' title='bbox 1311 1921 1367 1992; x_wconf 91' lang='lat' dir='ltr'><strong>ipso</strong></span> 
     </span>
     <span class='ocr_line' id='line_1_17' title="bbox 199 2025 1365 2103; baseline -0.003 -17"><span class='ocrx_word' id='word_1_154' title='bbox 199 2041 334 2100; x_wconf 83' lang='lat' dir='ltr'><strong>vocarer,</strong></span> <span class='ocrx_word' id='word_1_155' title='bbox 354 2025 488 2086; x_wconf 84' lang='lat' dir='ltr'><strong>Liberius</strong></span> <span class='ocrx_word' id='word_1_156' title='bbox 508 2041 554 2084; x_wconf 88' lang='lat' dir='ltr'><strong>me</strong></span> <span class='ocrx_word' id='word_1_157' title='bbox 576 2028 679 2100; x_wconf 82' lang='lat' dir='ltr'><strong>tetigit.</strong></span> <span class='ocrx_word' id='word_1_158' title='bbox 712 2028 777 2088; x_wconf 86' lang='lat' dir='ltr'><strong>ocis</strong></span> <span class='ocrx_word' id='word_1_159' title='bbox 796 2030 885 2103; x_wconf 78' lang='lat' dir='ltr'><strong>igitur</strong></span> <span class='ocrx_word' id='word_1_160' title='bbox 900 2025 1067 2089; x_wconf 87' lang='lat' dir='ltr'><strong>deosculata</strong></span> <span class='ocrx_word' id='word_1_161' title='bbox 1085 2046 1175 2088; x_wconf 89' lang='lat' dir='ltr'><strong>mann</strong></span> <span class='ocrx_word' id='word_1_162' title='bbox 1188 2046 1260 2088; x_wconf 88' lang='lat' dir='ltr'><strong>mea</strong></span> <span class='ocrx_word' id='word_1_163' title='bbox 1275 2027 1365 2086; x_wconf 81' lang='lat' dir='ltr'><strong>dexte</strong></span> 
     </span>
     <span class='ocr_line' id='line_1_18' title="bbox 198 2125 1366 2207; baseline -0.002 -17"><span class='ocrx_word' id='word_1_164' title='bbox 198 2145 262 2190; x_wconf 86' lang='lat' dir='ltr'><strong>ram</strong></span> <span class='ocrx_word' id='word_1_165' title='bbox 277 2128 399 2188; x_wconf 77' lang='lat' dir='ltr'><strong>Cesaris</strong></span> <span class='ocrx_word' id='word_1_166' title='bbox 415 2129 523 2188; x_wconf 77' lang='lat' dir='ltr'><strong>daubus</strong></span> <span class='ocrx_word' id='word_1_167' title='bbox 535 2125 630 2204; x_wconf 70' lang='lat' dir='ltr'><strong>jurum,</strong></span> <span class='ocrx_word' id='word_1_168' title='bbox 654 2132 704 2204; x_wconf 89' lang='lat' dir='ltr'><strong>qui</strong></span> <span class='ocrx_word' id='word_1_169' title='bbox 719 2131 868 2192; x_wconf 77' lang='lat' dir='ltr'><strong>confestim</strong></span> <span class='ocrx_word' id='word_1_170' title='bbox 883 2149 1025 2207; x_wconf 79' lang='lat' dir='ltr'><strong>exurgens</strong></span> <span class='ocrx_word' id='word_1_171' title='bbox 1040 2133 1079 2192; x_wconf 91' lang='lat' dir='ltr'><strong>ad</strong></span> <span class='ocrx_word' id='word_1_172' title='bbox 1093 2133 1262 2194; x_wconf 84' lang='lat' dir='ltr'><strong>cubiculum</strong></span> <span class='ocrx_word' id='word_1_173' title='bbox 1276 2144 1366 2204; x_wconf 76' lang='lat' dir='ltr'><strong>repre·</strong></span> 
     </span>
     <span class='ocr_line' id='line_1_19' title="bbox 199 2231 1364 2310; baseline 0.002 -18"><span class='ocrx_word' id='word_1_174' title='bbox 199 2231 286 2308; x_wconf 85' lang='lat' dir='ltr'><strong>ditur,</strong></span> <span class='ocrx_word' id='word_1_175' title='bbox 302 2247 355 2292; x_wconf 88' lang='lat' dir='ltr'><strong>neo</strong></span> <span class='ocrx_word' id='word_1_176' title='bbox 370 2248 424 2308; x_wconf 79' lang='lat' dir='ltr'><strong>ego</strong></span> <span class='ocrx_word' id='word_1_177' title='bbox 439 2233 541 2292; x_wconf 80' lang='lat' dir='ltr'><strong>eoelaae</strong></span> <span class='ocrx_word' id='word_1_178' title='bbox 556 2249 658 2308; x_wconf 80' lang='lat' dir='ltr'><strong>gressu</strong></span> <span class='ocrx_word' id='word_1_179' title='bbox 673 2235 778 2294; x_wconf 92' lang='lat' dir='ltr'><strong>ostium</strong></span> <span class='ocrx_word' id='word_1_180' title='bbox 792 2236 914 2296; x_wconf 87' lang='lat' dir='ltr'><strong>alteram</strong></span> <span class='ocrx_word' id='word_1_181' title='bbox 927 2242 1005 2310; x_wconf 89' lang='lat' dir='ltr'><strong>peto.</strong></span> <span class='ocrx_word' id='word_1_182' title='bbox 1036 2237 1093 2296; x_wconf 91' lang='lat' dir='ltr'><strong>Ubi</strong></span> <span class='ocrx_word' id='word_1_183' title='bbox 1106 2255 1176 2296; x_wconf 83' lang='lat' dir='ltr'><strong>vero</strong></span> <span class='ocrx_word' id='word_1_184' title='bbox 1192 2239 1235 2298; x_wconf 91' lang='lat' dir='ltr'><strong>ad</strong></span> <span class='ocrx_word' id='word_1_185' title='bbox 1251 2233 1364 2294; x_wconf 73' lang='lat' dir='ltr'><strong>ulterius</strong></span> 
     </span>
    </p>
   </div>
   <div class='ocr_carea' id='block_1_7' title="bbox 198 2337 1459 2416">
    <p class='ocr_par' dir='ltr' id='par_1_7' title="bbox 198 2337 1459 2416">
     <span class='ocr_line' id='line_1_20' title="bbox 198 2337 1459 2416; baseline -0.005 -18"><span class='ocrx_word' id='word_1_186' title='bbox 198 2337 422 2414; x_wconf 85' lang='lat' dir='ltr'><strong>hybernaculum</strong></span> <span class='ocrx_word' id='word_1_187' title='bbox 436 2338 515 2412; x_wconf 84' lang='lat' dir='ltr'><strong>ueni,</strong></span> <span class='ocrx_word' id='word_1_188' title='bbox 539 2339 656 2398; x_wconf 88' lang='lat' dir='ltr'><strong>ostiario</strong></span> <span class='ocrx_word' id='word_1_189' title='bbox 672 2338 836 2412; x_wconf 85' lang='lat' dir='ltr'><strong>Eselropeth</strong></span> <span class='ocrx_word' id='word_1_190' title='bbox 858 2341 930 2399; x_wconf 85' lang='lat' dir='ltr'><strong>dixi:</strong></span> <span class='ocrx_word' id='word_1_191' title='bbox 954 2341 1099 2413; x_wconf 80' lang='lat' dir='ltr'><strong>Quantmn</strong></span> <span class='ocrx_word' id='word_1_192' title='bbox 1121 2340 1174 2399; x_wconf 87' lang='lat' dir='ltr'><strong>tibi</strong></span> <span class='ocrx_word' id='word_1_193' title='bbox 1195 2347 1228 2400; x_wconf 89' lang='lat' dir='ltr'><strong>et</strong></span> <span class='ocrx_word' id='word_1_194' title='bbox 1247 2340 1364 2400; x_wconf 77' lang='lat' dir='ltr'><strong>tuisse</strong></span> <span class='ocrx_word' id='word_1_195' title='bbox 1457 2391 1459 2416; x_wconf 61' lang='lat'><strong>,</strong></span> 
     </span>
    </p>
   </div>
   <div class='ocr_carea' id='block_1_8' title="bbox 198 2436 1364 2729">
    <p class='ocr_par' dir='ltr' id='par_1_8' title="bbox 198 2436 1364 2729">
     <span class='ocr_line' id='line_1_21' title="bbox 199 2436 1364 2516; baseline -0.001 -12"><span class='ocrx_word' id='word_1_196' title='bbox 199 2441 311 2504; x_wconf 83' lang='lat' dir='ltr'><strong>delibus</strong></span> <span class='ocrx_word' id='word_1_197' title='bbox 326 2441 438 2502; x_wconf 82' lang='lat' dir='ltr'><strong>dobeo?</strong></span> <span class='ocrx_word' id='word_1_198' title='bbox 462 2443 607 2515; x_wconf 78' lang='lat' dir='ltr'><strong>Quantum</strong></span> <span class='ocrx_word' id='word_1_199' title='bbox 621 2442 725 2514; x_wconf 88' lang='lat' dir='ltr'><strong>placet,</strong></span> <span class='ocrx_word' id='word_1_200' title='bbox 740 2443 843 2516; x_wconf 87' lang='lat' dir='ltr'><strong>inquit.</strong></span> <span class='ocrx_word' id='word_1_201' title='bbox 868 2445 970 2504; x_wconf 87' lang='lat' dir='ltr'><strong>Sumus</strong></span> <span class='ocrx_word' id='word_1_202' title='bbox 984 2463 1055 2504; x_wconf 83' lang='lat' dir='ltr'><strong>uero</strong></span> <span class='ocrx_word' id='word_1_203' title='bbox 1072 2461 1193 2504; x_wconf 90' lang='lat' dir='ltr'><strong>numero</strong></span> <span class='ocrx_word' id='word_1_204' title='bbox 1208 2462 1272 2506; x_wconf 84' lang='lat' dir='ltr'><strong>sex.</strong></span> <span class='ocrx_word' id='word_1_205' title='bbox 1296 2436 1364 2513; x_wconf 79' lang='lat' dir='ltr'><strong>Quid</strong></span> 
     </span>
     <span class='ocr_line' id='line_1_22' title="bbox 198 2546 1364 2624; baseline -0.001 -16"><span class='ocrx_word' id='word_1_206' title='bbox 198 2547 255 2619; x_wconf 86' lang='lat' dir='ltr'><strong>aie,</strong></span> <span class='ocrx_word' id='word_1_207' title='bbox 279 2549 304 2606; x_wconf 89' lang='lat' dir='ltr'><strong>si</strong></span> <span class='ocrx_word' id='word_1_208' title='bbox 318 2548 472 2621; x_wconf 87' lang='lat' dir='ltr'><strong>unicuique</strong></span> <span class='ocrx_word' id='word_1_209' title='bbox 485 2552 612 2606; x_wconf 84' lang='lat' dir='ltr'><strong>restrum</strong></span> <span class='ocrx_word' id='word_1_210' title='bbox 630 2562 736 2606; x_wconf 87' lang='lat' dir='ltr'><strong>aureus</strong></span> <span class='ocrx_word' id='word_1_211' title='bbox 751 2546 855 2606; x_wconf 85' lang='lat' dir='ltr'><strong>detur?</strong></span> <span class='ocrx_word' id='word_1_212' title='bbox 886 2549 1030 2624; x_wconf 88' lang='lat' dir='ltr'><strong>Summas,</strong></span> <span class='ocrx_word' id='word_1_213' title='bbox 1053 2551 1162 2624; x_wconf 84' lang='lat' dir='ltr'><strong>inquit,</strong></span> <span class='ocrx_word' id='word_1_214' title='bbox 1185 2551 1242 2609; x_wconf 91' lang='lat' dir='ltr'><strong>tibi</strong></span> <span class='ocrx_word' id='word_1_215' title='bbox 1261 2548 1364 2622; x_wconf 77' lang='lat' dir='ltr'><strong>agium</strong></span> 
     </span>
     <span class='ocr_line' id='line_1_23' title="bbox 198 2650 1364 2729; baseline -0.003 -17"><span class='ocrx_word' id='word_1_216' title='bbox 198 2651 317 2726; x_wconf 70' lang='lat' dir='ltr'><strong>gratim.</strong></span> <span class='ocrx_word' id='word_1_217' title='bbox 347 2651 404 2710; x_wconf 83' lang='lat' dir='ltr'><strong>Sex</strong></span> <span class='ocrx_word' id='word_1_218' title='bbox 418 2651 506 2726; x_wconf 75' lang='lat' dir='ltr'><strong>igitur</strong></span> <span class='ocrx_word' id='word_1_219' title='bbox 521 2667 624 2710; x_wconf 87' lang='lat' dir='ltr'><strong>aureos</strong></span> <span class='ocrx_word' id='word_1_220' title='bbox 639 2667 770 2710; x_wconf 88' lang='lat' dir='ltr'><strong>nummos</strong></span> <span class='ocrx_word' id='word_1_221' title='bbox 785 2652 841 2710; x_wconf 93' lang='lat' dir='ltr'><strong>illis</strong></span> <span class='ocrx_word' id='word_1_222' title='bbox 857 2650 933 2713; x_wconf 91' lang='lat' dir='ltr'><strong>dono</strong></span> <span class='ocrx_word' id='word_1_223' title='bbox 947 2654 1027 2729; x_wconf 92' lang='lat' dir='ltr'><strong>dedi,</strong></span> <span class='ocrx_word' id='word_1_224' title='bbox 1051 2671 1158 2728; x_wconf 81' lang='lat' dir='ltr'><strong>rogans</strong></span> <span class='ocrx_word' id='word_1_225' title='bbox 1173 2655 1314 2725; x_wconf 89' lang='lat' dir='ltr'><strong>eundem,</strong></span> <span class='ocrx_word' id='word_1_226' title='bbox 1335 2653 1364 2706; x_wconf 86' lang='lat' dir='ltr'><strong>ut</strong></span> 
     </span>
    </p>
   </div>
   <div class='ocr_carea' id='block_1_9' title="bbox 199 2755 1460 2936">
    <p class='ocr_par' dir='ltr' id='par_1_9' title="bbox 199 2755 1460 2936">
     <span class='ocr_line' id='line_1_24' title="bbox 199 2755 1362 2830; baseline -0.004 -14"><span class='ocrx_word' id='word_1_227' title='bbox 199 2757 225 2816; x_wconf 88' lang='lat' dir='ltr'><strong>si</strong></span> <span class='ocrx_word' id='word_1_228' title='bbox 240 2757 304 2830; x_wconf 89' lang='lat' dir='ltr'><strong>quie</strong></span> <span class='ocrx_word' id='word_1_229' title='bbox 320 2772 356 2816; x_wconf 87' lang='lat' dir='ltr'><strong>ex</strong></span> <span class='ocrx_word' id='word_1_230' title='bbox 370 2757 476 2815; x_wconf 87' lang='lat' dir='ltr'><strong>nostris</strong></span> <span class='ocrx_word' id='word_1_231' title='bbox 490 2771 544 2828; x_wconf 90' lang='lat' dir='ltr'><strong>pro</strong></span> <span class='ocrx_word' id='word_1_232' title='bbox 559 2755 767 2826; x_wconf 87' lang='lat' dir='ltr'><strong>subscriptione</strong></span> <span class='ocrx_word' id='word_1_233' title='bbox 782 2757 943 2816; x_wconf 87' lang='lat' dir='ltr'><strong>litterarum</strong></span> <span class='ocrx_word' id='word_1_234' title='bbox 957 2758 1144 2817; x_wconf 80' lang='lat' dir='ltr'><strong>absolutionis</strong></span> <span class='ocrx_word' id='word_1_235' title='bbox 1159 2775 1224 2817; x_wconf 88' lang='lat' dir='ltr'><strong>eum</strong></span> <span class='ocrx_word' id='word_1_236' title='bbox 1240 2759 1362 2828; x_wconf 80' lang='lat' dir='ltr'><strong>auoque</strong></span> 
     </span>
     <span class='ocr_line' id='line_1_25' title="bbox 199 2857 1460 2936; baseline -0.002 -18"><span class='ocrx_word' id='word_1_237' title='bbox 199 2867 295 2936; x_wconf 88' lang='lat' dir='ltr'><strong>retur,</strong></span> <span class='ocrx_word' id='word_1_238' title='bbox 320 2867 352 2919; x_wconf 92' lang='lat' dir='ltr'><strong>ut</strong></span> <span class='ocrx_word' id='word_1_239' title='bbox 365 2857 441 2919; x_wconf 88' lang='lat' dir='ltr'><strong>hune</strong></span> <span class='ocrx_word' id='word_1_240' title='bbox 453 2861 579 2932; x_wconf 78' lang='lat' dir='ltr'><strong>iuuaret,</strong></span> <span class='ocrx_word' id='word_1_241' title='bbox 596 2861 620 2918; x_wconf 91' lang='lat' dir='ltr'><strong>si</strong></span> <span class='ocrx_word' id='word_1_242' title='bbox 635 2873 837 2933; x_wconf 79' lang='lat' dir='ltr'><strong>quauocessns</strong></span> <span class='ocrx_word' id='word_1_243' title='bbox 851 2865 965 2935; x_wconf 87' lang='lat' dir='ltr'><strong>pateret</strong></span> <span class='ocrx_word' id='word_1_244' title='bbox 979 2868 1033 2922; x_wconf 88' lang='lat' dir='ltr'><strong>ete.</strong></span> <span class='ocrx_word' id='word_1_245' title='bbox 1066 2863 1203 2924; x_wconf 89' lang='lat' dir='ltr'><strong>Promisit</strong></span> <span class='ocrx_word' id='word_1_246' title='bbox 1223 2863 1361 2936; x_wconf 88' lang='lat' dir='ltr'><strong>prompte.</strong></span> <span class='ocrx_word' id='word_1_247' title='bbox 1459 2869 1460 2874; x_wconf 73' lang='grc'>’</span> 
     </span>
    </p>
   </div>
   <div class='ocr_carea' id='block_1_10' title="bbox 199 2961 1363 3144">
    <p class='ocr_par' dir='ltr' id='par_1_10' title="bbox 199 2961 1363 3144">
     <span class='ocr_line' id='line_1_26' title="bbox 199 2961 1363 3038; baseline 0 -16"><span class='ocrx_word' id='word_1_248' title='bbox 199 2963 296 3034; x_wconf 88' lang='lat' dir='ltr'><strong>Atque</strong></span> <span class='ocrx_word' id='word_1_249' title='bbox 314 2964 361 3021; x_wconf 92' lang='lat' dir='ltr'><strong>hie</strong></span> <span class='ocrx_word' id='word_1_250' title='bbox 381 2962 436 3020; x_wconf 88' lang='lat' dir='ltr'><strong>luit</strong></span> <span class='ocrx_word' id='word_1_251' title='bbox 455 2961 541 3034; x_wconf 87' lang='lat' dir='ltr'><strong>hujus</strong></span> <span class='ocrx_word' id='word_1_252' title='bbox 561 2963 711 3036; x_wconf 79' lang='lat' dir='ltr'><strong>tragoediae</strong></span> <span class='ocrx_word' id='word_1_253' title='bbox 732 2965 833 3022; x_wconf 87' lang='lat' dir='ltr'><strong>exitus.</strong></span> <span class='ocrx_word' id='word_1_254' title='bbox 864 2963 987 3038; x_wconf 88' lang='lat' dir='ltr'><strong>Reliqua</strong></span> <span class='ocrx_word' id='word_1_255' title='bbox 1007 2972 1074 3024; x_wconf 88' lang='lat' dir='ltr'><strong>sunt</strong></span> <span class='ocrx_word' id='word_1_256' title='bbox 1093 2971 1159 3026; x_wconf 85' lang='lat' dir='ltr'><strong>octo</strong></span> <span class='ocrx_word' id='word_1_257' title='bbox 1179 2968 1363 3027; x_wconf 84' lang='lat' dir='ltr'><strong>millianam·</strong></span> 
     </span>
     <span class='ocr_line' id='line_1_27' title="bbox 199 3065 1361 3144; baseline 0.001 -20"><span class='ocrx_word' id='word_1_258' title='bbox 199 3065 277 3124; x_wconf 77' lang='lat' dir='ltr'><strong>mum</strong></span> <span class='ocrx_word' id='word_1_259' title='bbox 299 3065 493 3138; x_wconf 87' lang='lat' dir='ltr'><strong>expendenda.</strong></span> <span class='ocrx_word' id='word_1_260' title='bbox 534 3065 590 3135; x_wconf 78' lang='lat' dir='ltr'><strong>Qui</strong></span> <span class='ocrx_word' id='word_1_261' title='bbox 610 3066 689 3125; x_wconf 91' lang='lat' dir='ltr'><strong>dedit</strong></span> <span class='ocrx_word' id='word_1_262' title='bbox 713 3069 828 3142; x_wconf 86' lang='lat' dir='ltr'><strong>uitam,¹</strong></span> <span class='ocrx_word' id='word_1_263' title='bbox 841 3070 921 3128; x_wconf 90' lang='lat' dir='ltr'><strong>dabit</strong></span> <span class='ocrx_word' id='word_1_264' title='bbox 944 3075 974 3128; x_wconf 90' lang='lat' dir='ltr'><strong>et</strong></span> <span class='ocrx_word' id='word_1_265' title='bbox 995 3072 1153 3144; x_wconf 89' lang='lat' dir='ltr'><strong>pecuniam.</strong></span> <span class='ocrx_word' id='word_1_266' title='bbox 1195 3069 1361 3130; x_wconf 87' lang='lat' dir='ltr'><strong>Benedictus</strong></span> 
     </span>
    </p>
   </div>
   <div class='ocr_carea' id='block_1_11' title="bbox 199 3167 1460 3666">
    <p class='ocr_par' dir='ltr' id='par_1_11' title="bbox 199 3167 1460 3666">
     <span class='ocr_line' id='line_1_28' title="bbox 201 3167 1460 3248; baseline -0.002 -19"><span class='ocrx_word' id='word_1_267' title='bbox 201 3170 285 3242; x_wconf 86' lang='lat' dir='ltr'><strong>deus,</strong></span> <span class='ocrx_word' id='word_1_268' title='bbox 307 3173 389 3243; x_wconf 89' lang='lat' dir='ltr'><strong>pater</strong></span> <span class='ocrx_word' id='word_1_269' title='bbox 409 3167 516 3228; x_wconf 88' lang='lat' dir='ltr'><strong>domini</strong></span> <span class='ocrx_word' id='word_1_270' title='bbox 532 3173 562 3227; x_wconf 89' lang='lat' dir='ltr'><strong>et</strong></span> <span class='ocrx_word' id='word_1_271' title='bbox 575 3170 738 3230; x_wconf 76' lang='lat' dir='ltr'><strong>liberatoris</strong></span> <span class='ocrx_word' id='word_1_272' title='bbox 753 3175 844 3232; x_wconf 91' lang='lat' dir='ltr'><strong>nostri</strong></span> <span class='ocrx_word' id='word_1_273' title='bbox 858 3175 877 3233; x_wconf 83' lang='lat' dir='ltr'>J</span> <span class='ocrx_word' id='word_1_274' title='bbox 879 3190 929 3233; x_wconf 92' lang='lat' dir='ltr'><strong>esu</strong></span> <span class='ocrx_word' id='word_1_275' title='bbox 946 3173 1051 3233; x_wconf 80' lang='lat' dir='ltr'><strong>Christi</strong></span> <span class='ocrx_word' id='word_1_276' title='bbox 1065 3190 1129 3233; x_wconf 92' lang='lat' dir='ltr'><strong>cum</strong></span> <span class='ocrx_word' id='word_1_277' title='bbox 1144 3191 1168 3232; x_wconf 89' lang='lat' dir='ltr'><strong>a.</strong></span> <span class='ocrx_word' id='word_1_278' title='bbox 1184 3189 1236 3232; x_wconf 92' lang='lat' dir='ltr'><strong>suo</strong></span> <span class='ocrx_word' id='word_1_279' title='bbox 1253 3172 1361 3248; x_wconf 89' lang='lat' dir='ltr'><strong>spiritu,</strong></span> <span class='ocrx_word' id='word_1_280' title='bbox 1459 3205 1460 3210; x_wconf 22' lang='grc' dir='ltr'><strong>κ</strong></span> 
     </span>
     <span class='ocr_line' id='line_1_29' title="bbox 200 3253 1460 3352; baseline -0.005 -16"><span class='ocrx_word' id='word_1_281' title='bbox 200 3277 249 3350; x_wconf 91' lang='lat' dir='ltr'><strong>qui</strong></span> <span class='ocrx_word' id='word_1_282' title='bbox 262 3291 308 3334; x_wconf 88' lang='lat' dir='ltr'><strong>me</strong></span> <span class='ocrx_word' id='word_1_283' title='bbox 322 3274 490 3348; x_wconf 77' lang='lat' dir='ltr'><strong>participem</strong></span> <span class='ocrx_word' id='word_1_284' title='bbox 505 3275 698 3334; x_wconf 86' lang='lat' dir='ltr'><strong>calamitatum</strong></span> <span class='ocrx_word' id='word_1_285' title='bbox 712 3278 865 3337; x_wconf 89' lang='lat' dir='ltr'><strong>multorum</strong></span> <span class='ocrx_word' id='word_1_286' title='bbox 880 3280 993 3352; x_wconf 88' lang='lat' dir='ltr'><strong>piorum</strong></span> <span class='ocrx_word' id='word_1_287' title='bbox 1007 3277 1084 3352; x_wconf 86' lang='lat' dir='ltr'><strong>fecit,</strong></span> <span class='ocrx_word' id='word_1_288' title='bbox 1100 3279 1125 3336; x_wconf 91' lang='lat' dir='ltr'><strong>is</strong></span> <span class='ocrx_word' id='word_1_289' title='bbox 1140 3294 1186 3337; x_wconf 90' lang='lat' dir='ltr'><strong>me</strong></span> <span class='ocrx_word' id='word_1_290' title='bbox 1195 3279 1301 3352; x_wconf 89' lang='lat' dir='ltr'><strong>spiritu</strong></span> <span class='ocrx_word' id='word_1_291' title='bbox 1315 3287 1361 3334; x_wconf 93' lang='lat' dir='ltr'><strong>suo</strong></span> <span class='ocrx_word' id='word_1_292' title='bbox 1459 3253 1460 3286; x_wconf 66' lang='lat'>³</span> 
     </span>
     <span class='ocr_line' id='line_1_30' title="bbox 199 3377 1460 3462; baseline -0.006 -20"><span class='ocrx_word' id='word_1_293' title='bbox 199 3381 275 3443; x_wconf 92' lang='lat' dir='ltr'><strong>bono</strong></span> <span class='ocrx_word' id='word_1_294' title='bbox 285 3397 348 3441; x_wconf 90' lang='lat' dir='ltr'><strong>cum</strong></span> <span class='ocrx_word' id='word_1_295' title='bbox 363 3381 508 3455; x_wconf 88' lang='lat' dir='ltr'><strong>uxorcula,</strong></span> <span class='ocrx_word' id='word_1_296' title='bbox 524 3378 613 3440; x_wconf 90' lang='lat' dir='ltr'><strong>filiola</strong></span> <span class='ocrx_word' id='word_1_297' title='bbox 628 3384 658 3438; x_wconf 89' lang='lat' dir='ltr'><strong>et</strong></span> <span class='ocrx_word' id='word_1_298' title='bbox 671 3380 791 3439; x_wconf 89' lang='lat' dir='ltr'><strong>subditis</strong></span> <span class='ocrx_word' id='word_1_299' title='bbox 806 3383 930 3456; x_wconf 80' lang='lat' dir='ltr'><strong>dirigere</strong></span> <span class='ocrx_word' id='word_1_300' title='bbox 946 3383 1088 3458; x_wconf 76' lang='lat' dir='ltr'><strong>dignetur,</strong></span> <span class='ocrx_word' id='word_1_301' title='bbox 1104 3387 1138 3440; x_wconf 90' lang='grc' dir='ltr'><strong>ιιι</strong></span> <span class='ocrx_word' id='word_1_302' title='bbox 1151 3383 1296 3440; x_wconf 87' lang='lat' dir='ltr'><strong>constanti</strong></span> <span class='ocrx_word' id='word_1_303' title='bbox 1310 3377 1362 3438; x_wconf 90' lang='lat' dir='ltr'><strong>fide</strong></span> <span class='ocrx_word' id='word_1_304' title='bbox 1459 3449 1460 3462; x_wconf 10' lang='grc' dir='ltr'>χ</span> 
     </span>
     <span class='ocr_line' id='line_1_31' title="bbox 200 3479 1460 3564; baseline -0.01 -15"><span class='ocrx_word' id='word_1_305' title='bbox 200 3505 264 3564; x_wconf 89' lang='lat' dir='ltr'><strong>quae</strong></span> <span class='ocrx_word' id='word_1_306' title='bbox 279 3490 395 3548; x_wconf 80' lang='lat' dir='ltr'><strong>casaris</strong></span> <span class='ocrx_word' id='word_1_307' title='bbox 410 3489 511 3548; x_wconf 78' lang='lat' dir='ltr'><strong>cesari</strong></span> <span class='ocrx_word' id='word_1_308' title='bbox 526 3494 556 3547; x_wconf 88' lang='lat' dir='ltr'><strong>et</strong></span> <span class='ocrx_word' id='word_1_309' title='bbox 576 3503 640 3561; x_wconf 88' lang='lat' dir='ltr'><strong>qnae</strong></span> <span class='ocrx_word' id='word_1_310' title='bbox 661 3484 708 3544; x_wconf 89' lang='lat' dir='ltr'><strong>dei</strong></span> <span class='ocrx_word' id='word_1_311' title='bbox 729 3484 783 3545; x_wconf 88' lang='lat' dir='ltr'><strong>deo</strong></span> <span class='ocrx_word' id='word_1_312' title='bbox 805 3486 926 3546; x_wconf 89' lang='lat' dir='ltr'><strong>reddere</strong></span> <span class='ocrx_word' id='word_1_313' title='bbox 947 3503 1064 3559; x_wconf 89' lang='lat' dir='ltr'><strong>queam,</strong></span> <span class='ocrx_word' id='word_1_314' title='bbox 1088 3487 1138 3560; x_wconf 92' lang='lat' dir='ltr'><strong>qui</strong></span> <span class='ocrx_word' id='word_1_315' title='bbox 1157 3502 1203 3544; x_wconf 91' lang='lat' dir='ltr'><strong>me</strong></span> <span class='ocrx_word' id='word_1_316' title='bbox 1223 3485 1311 3545; x_wconf 90' lang='lat' dir='ltr'><strong>bodie</strong></span> <span class='ocrx_word' id='word_1_317' title='bbox 1329 3481 1361 3540; x_wconf 89' lang='lat' dir='ltr'><strong>de</strong></span> <span class='ocrx_word' id='word_1_318' title='bbox 1459 3479 1460 3484; x_wconf 76' lang='grc'>’</span> 
     </span>
     <span class='ocr_line' id='line_1_32' title="bbox 199 3589 1460 3666; baseline -0.004 -14"><span class='ocrx_word' id='word_1_319' title='bbox 199 3610 251 3652; x_wconf 89' lang='lat' dir='ltr'><strong>ore</strong></span> <span class='ocrx_word' id='word_1_320' title='bbox 265 3594 356 3651; x_wconf 88' lang='lat' dir='ltr'><strong>leonis</strong></span> <span class='ocrx_word' id='word_1_321' title='bbox 371 3594 485 3666; x_wconf 88' lang='lat' dir='ltr'><strong>eripuit.</strong></span> <span class='ocrx_word' id='word_1_322' title='bbox 508 3593 643 3665; x_wconf 89' lang='lat' dir='ltr'><strong>Benedie,</strong></span> <span class='ocrx_word' id='word_1_323' title='bbox 658 3591 781 3665; x_wconf 87' lang='lat' dir='ltr'><strong>Eubule,</strong></span> <span class='ocrx_word' id='word_1_324' title='bbox 797 3592 922 3664; x_wconf 91' lang='lat' dir='ltr'><strong>domino,</strong></span> <span class='ocrx_word' id='word_1_325' title='bbox 936 3595 965 3650; x_wconf 88' lang='lat' dir='ltr'><strong>et</strong></span> <span class='ocrx_word' id='word_1_326' title='bbox 978 3591 1078 3650; x_wconf 90' lang='lat' dir='ltr'><strong>laudet</strong></span> <span class='ocrx_word' id='word_1_327' title='bbox 1091 3595 1121 3649; x_wconf 92' lang='lat' dir='ltr'><strong>te</strong></span> <span class='ocrx_word' id='word_1_328' title='bbox 1136 3589 1249 3649; x_wconf 91' lang='lat' dir='ltr'><strong>domine</strong></span> <span class='ocrx_word' id='word_1_329' title='bbox 1264 3589 1359 3657; x_wconf 84' lang='lat' dir='ltr'><strong>omnia,</strong></span> <span class='ocrx_word' id='word_1_330' title='bbox 1458 3603 1460 3630; x_wconf 78' lang='lat'><strong>⁴</strong></span> 
     </span>
    </p>
   </div>
   <div class='ocr_carea' id='block_1_12' title="bbox 199 3691 1362 4290">
    <p class='ocr_par' dir='ltr' id='par_1_12' title="bbox 199 3691 1362 4290">
     <span class='ocr_line' id='line_1_33' title="bbox 199 3691 1360 3768; baseline 0.001 -16"><span class='ocrx_word' id='word_1_331' title='bbox 199 3696 246 3752; x_wconf 88' lang='lat' dir='ltr'><strong>cui</strong></span> <span class='ocrx_word' id='word_1_332' title='bbox 261 3695 327 3752; x_wconf 78' lang='lat' dir='ltr'><strong>uita</strong></span> <span class='ocrx_word' id='word_1_333' title='bbox 342 3697 517 3768; x_wconf 89' lang='lat' dir='ltr'><strong>spiraculum</strong></span> <span class='ocrx_word' id='word_1_334' title='bbox 533 3697 646 3756; x_wconf 87' lang='lat' dir='ltr'><strong>dedisti.</strong></span> <span class='ocrx_word' id='word_1_335' title='bbox 686 3696 741 3768; x_wconf 78' lang='lat' dir='ltr'><strong>Qui</strong></span> <span class='ocrx_word' id='word_1_336' title='bbox 754 3696 826 3754; x_wconf 83' lang='lat' dir='ltr'><strong>uiuis</strong></span> <span class='ocrx_word' id='word_1_337' title='bbox 840 3701 870 3754; x_wconf 89' lang='lat' dir='ltr'><strong>et</strong></span> <span class='ocrx_word' id='word_1_338' title='bbox 883 3711 989 3768; x_wconf 79' lang='lat' dir='ltr'><strong>regnas</strong></span> <span class='ocrx_word' id='word_1_339' title='bbox 1003 3712 1087 3755; x_wconf 89' lang='lat' dir='ltr'><strong>verus</strong></span> <span class='ocrx_word' id='word_1_340' title='bbox 1103 3709 1137 3753; x_wconf 89' lang='lat' dir='ltr'><strong>ae</strong></span> <span class='ocrx_word' id='word_1_341' title='bbox 1151 3711 1225 3754; x_wconf 91' lang='lat' dir='ltr'><strong>unns</strong></span> <span class='ocrx_word' id='word_1_342' title='bbox 1239 3695 1270 3753; x_wconf 91' lang='lat' dir='ltr'><strong>in</strong></span> <span class='ocrx_word' id='word_1_343' title='bbox 1284 3691 1360 3753; x_wconf 85' lang='lat' dir='ltr'><strong>trini·</strong></span> 
     </span>
     <span class='ocr_line' id='line_1_34' title="bbox 199 3795 1286 3874; baseline 0.001 -18"><span class='ocrx_word' id='word_1_344' title='bbox 199 3800 259 3856; x_wconf 88' lang='lat' dir='ltr'><strong>tate</strong></span> <span class='ocrx_word' id='word_1_345' title='bbox 273 3795 353 3868; x_wconf 91' lang='lat' dir='ltr'><strong>deus,</strong></span> <span class='ocrx_word' id='word_1_346' title='bbox 370 3799 415 3855; x_wconf 88' lang='lat' dir='ltr'><strong>eni</strong></span> <span class='ocrx_word' id='word_1_347' title='bbox 430 3801 563 3868; x_wconf 89' lang='lat' dir='ltr'><strong>perennis</strong></span> <span class='ocrx_word' id='word_1_348' title='bbox 579 3805 715 3873; x_wconf 86' lang='lat' dir='ltr'><strong>potestus,</strong></span> <span class='ocrx_word' id='word_1_349' title='bbox 731 3801 794 3858; x_wconf 86' lang='lat' dir='ltr'><strong>laus</strong></span> <span class='ocrx_word' id='word_1_350' title='bbox 810 3806 839 3860; x_wconf 91' lang='lat' dir='ltr'><strong>et</strong></span> <span class='ocrx_word' id='word_1_351' title='bbox 853 3799 993 3874; x_wconf 86' lang='lat' dir='ltr'><strong>perpetim</strong></span> <span class='ocrx_word' id='word_1_352' title='bbox 1008 3800 1046 3858; x_wconf 91' lang='lat' dir='ltr'><strong>sit</strong></span> <span class='ocrx_word' id='word_1_353' title='bbox 1060 3797 1161 3872; x_wconf 74' lang='lat' dir='ltr'><strong>gloria.</strong></span> <span class='ocrx_word' id='word_1_354' title='bbox 1184 3798 1286 3858; x_wconf 77' lang='lat' dir='ltr'><strong>Amen.</strong></span> 
     </span>
     <span class='ocr_line' id='line_1_35' title="bbox 288 3901 1362 3980; baseline -0.002 -20"><span class='ocrx_word' id='word_1_355' title='bbox 288 3901 389 3960; x_wconf 88' lang='lat' dir='ltr'><strong>Vestes</strong></span> <span class='ocrx_word' id='word_1_356' title='bbox 404 3915 475 3958; x_wconf 91' lang='lat' dir='ltr'><strong>meae</strong></span> <span class='ocrx_word' id='word_1_357' title='bbox 491 3909 573 3961; x_wconf 88' lang='lat' dir='ltr'><strong>erant</strong></span> <span class='ocrx_word' id='word_1_358' title='bbox 586 3905 697 3963; x_wconf 88' lang='lat' dir='ltr'><strong>tibialia</strong></span> <span class='ocrx_word' id='word_1_359' title='bbox 712 3911 741 3963; x_wconf 89' lang='lat' dir='ltr'><strong>et</strong></span> <span class='ocrx_word' id='word_1_360' title='bbox 757 3906 860 3980; x_wconf 90' lang='lat' dir='ltr'><strong>diplois</strong></span> <span class='ocrx_word' id='word_1_361' title='bbox 881 3920 915 3962; x_wconf 93' lang='lat' dir='ltr'><strong>ac</strong></span> <span class='ocrx_word' id='word_1_362' title='bbox 935 3904 1023 3962; x_wconf 88' lang='lat' dir='ltr'><strong>calcei</strong></span> <span class='ocrx_word' id='word_1_363' title='bbox 1043 3905 1117 3963; x_wconf 91' lang='lat' dir='ltr'><strong>bene</strong></span> <span class='ocrx_word' id='word_1_364' title='bbox 1137 3903 1254 3962; x_wconf 87' lang='lat' dir='ltr'><strong>contriti</strong></span> <span class='ocrx_word' id='word_1_365' title='bbox 1274 3907 1305 3960; x_wconf 89' lang='lat' dir='ltr'><strong>et</strong></span> <span class='ocrx_word' id='word_1_366' title='bbox 1322 3907 1362 3958; x_wconf 83' lang='lat' dir='ltr'><strong>tn·</strong></span> 
     </span>
     <span class='ocr_line' id='line_1_36' title="bbox 200 3985 1362 4082; baseline -0.003 -16"><span class='ocrx_word' id='word_1_367' title='bbox 200 4008 265 4066; x_wconf 91' lang='lat' dir='ltr'><strong>nica</strong></span> <span class='ocrx_word' id='word_1_368' title='bbox 280 4023 316 4066; x_wconf 87' lang='lat' dir='ltr'><strong>ex</strong></span> <span class='ocrx_word' id='word_1_369' title='bbox 330 4006 415 4079; x_wconf 82' lang='lat' dir='ltr'><strong>nigro</strong></span> <span class='ocrx_word' id='word_1_370' title='bbox 431 4005 531 4077; x_wconf 87' lang='lat' dir='ltr'><strong>serico,</strong></span> <span class='ocrx_word' id='word_1_371' title='bbox 547 4021 600 4064; x_wconf 89' lang='lat' dir='ltr'><strong>nee</strong></span> <span class='ocrx_word' id='word_1_372' title='bbox 616 3985 765 4081; x_wconf 83' lang='lat' dir='ltr'><strong>quisquam</strong></span> <span class='ocrx_word' id='word_1_373' title='bbox 779 4026 815 4067; x_wconf 88' lang='lat' dir='ltr'><strong>ex</strong></span> <span class='ocrx_word' id='word_1_374' title='bbox 830 4009 936 4067; x_wconf 90' lang='lat' dir='ltr'><strong>nostris</strong></span> <span class='ocrx_word' id='word_1_375' title='bbox 951 4011 1058 4082; x_wconf 80' lang='lat' dir='ltr'><strong>prater</strong></span> <span class='ocrx_word' id='word_1_376' title='bbox 1064 4006 1213 4066; x_wconf 90' lang='lat' dir='ltr'><strong>Liberium</strong></span> <span class='ocrx_word' id='word_1_377' title='bbox 1221 4008 1252 4063; x_wconf 90' lang='lat' dir='ltr'><strong>in</strong></span> <span class='ocrx_word' id='word_1_378' title='bbox 1262 4006 1362 4064; x_wconf 87' lang='lat' dir='ltr'><strong>atriolo</strong></span> 
     </span>
     <span class='ocr_line' id='line_1_37' title="bbox 199 4109 1358 4185; baseline -0.003 -15"><span class='ocrx_word' id='word_1_379' title='bbox 199 4111 346 4171; x_wconf 89' lang='lat' dir='ltr'><strong>nobiscum</strong></span> <span class='ocrx_word' id='word_1_380' title='bbox 356 4114 433 4170; x_wconf 89' lang='lat' dir='ltr'><strong>erat.</strong></span> <span class='ocrx_word' id='word_1_381' title='bbox 464 4109 606 4168; x_wconf 62' lang='lat' dir='ltr'><strong>deburat</strong></span> <span class='ocrx_word' id='word_1_382' title='bbox 621 4115 649 4170; x_wconf 89' lang='lat' dir='ltr'><strong>et</strong></span> <span class='ocrx_word' id='word_1_383' title='bbox 663 4110 791 4171; x_wconf 85' lang='lat' dir='ltr'><strong>Lazarus</strong></span> <span class='ocrx_word' id='word_1_384' title='bbox 806 4129 824 4170; x_wconf 93' lang='lat' dir='ltr'><strong>a</strong></span> <span class='ocrx_word' id='word_1_385' title='bbox 839 4112 997 4172; x_wconf 82' lang='lat' dir='ltr'><strong>Schwendi.</strong></span> <span class='ocrx_word' id='word_1_386' title='bbox 1028 4110 1074 4170; x_wconf 90' lang='lat' dir='ltr'><strong>Ad</strong></span> <span class='ocrx_word' id='word_1_387' title='bbox 1089 4111 1245 4185; x_wconf 86' lang='lat' dir='ltr'><strong>hospitium</strong></span> <span class='ocrx_word' id='word_1_388' title='bbox 1266 4125 1358 4168; x_wconf 85' lang='lat' dir='ltr'><strong>reuer-</strong></span> 
     </span>
     <span class='ocr_line' id='line_1_38' title="bbox 199 4213 1359 4290; baseline -0.002 -16"><span class='ocrx_word' id='word_1_389' title='bbox 199 4232 248 4276; x_wconf 87' lang='lat' dir='ltr'><strong>sus</strong></span> <span class='ocrx_word' id='word_1_390' title='bbox 262 4232 326 4274; x_wconf 91' lang='lat' dir='ltr'><strong>cum</strong></span> <span class='ocrx_word' id='word_1_391' title='bbox 340 4217 359 4276; x_wconf 90' lang='lat' dir='ltr'><strong>J</strong></span> <span class='ocrx_word' id='word_1_392' title='bbox 361 4232 454 4277; x_wconf 89' lang='lat' dir='ltr'><strong>oanne</strong></span> <span class='ocrx_word' id='word_1_393' title='bbox 470 4213 574 4274; x_wconf 87' lang='lat' dir='ltr'><strong>Goselo</strong></span> <span class='ocrx_word' id='word_1_394' title='bbox 589 4216 648 4290; x_wconf 82' lang='lat' dir='ltr'><strong>egi,</strong></span> <span class='ocrx_word' id='word_1_395' title='bbox 672 4219 704 4274; x_wconf 90' lang='lat' dir='ltr'><strong>nt</strong></span> <span class='ocrx_word' id='word_1_396' title='bbox 718 4215 788 4273; x_wconf 89' lang='lat' dir='ltr'><strong>mihi</strong></span> <span class='ocrx_word' id='word_1_397' title='bbox 802 4219 946 4276; x_wconf 87' lang='lat' dir='ltr'><strong>trecentos</strong></span> <span class='ocrx_word' id='word_1_398' title='bbox 967 4213 1091 4275; x_wconf 86' lang='lat' dir='ltr'><strong>florenos</strong></span> <span class='ocrx_word' id='word_1_399' title='bbox 1112 4214 1158 4274; x_wconf 83' lang='lat' dir='ltr'><strong>ael</strong></span> <span class='ocrx_word' id='word_1_400' title='bbox 1180 4213 1218 4273; x_wconf 91' lang='lat' dir='ltr'><strong>ab</strong></span> <span class='ocrx_word' id='word_1_401' title='bbox 1238 4213 1296 4272; x_wconf 85' lang='lat' dir='ltr'><strong>alio</strong></span> <span class='ocrx_word' id='word_1_402' title='bbox 1316 4229 1359 4272; x_wconf 90' lang='lat' dir='ltr'><strong>su·</strong></span> 
     </span>
    </p>
   </div>
   <div class='ocr_carea' id='block_1_13' title="bbox 199 4317 1359 4395">
    <p class='ocr_par' dir='ltr' id='par_1_13' title="bbox 199 4317 1359 4395">
     <span class='ocr_line' id='line_1_39' title="bbox 199 4317 1359 4395; baseline 0 -17"><span class='ocrx_word' id='word_1_403' title='bbox 199 4323 300 4392; x_wconf 88' lang='lat' dir='ltr'><strong>meret,</strong></span> <span class='ocrx_word' id='word_1_404' title='bbox 316 4321 361 4382; x_wconf 90' lang='lat' dir='ltr'><strong>vel</strong></span> <span class='ocrx_word' id='word_1_405' title='bbox 375 4322 438 4395; x_wconf 90' lang='lat' dir='ltr'><strong>ipse</strong></span> <span class='ocrx_word' id='word_1_406' title='bbox 451 4326 550 4382; x_wconf 89' lang='lat' dir='ltr'><strong>mutuo</strong></span> <span class='ocrx_word' id='word_1_407' title='bbox 567 4319 663 4395; x_wconf 89' lang='lat' dir='ltr'><strong>daret,</strong></span> <span class='ocrx_word' id='word_1_408' title='bbox 680 4336 715 4382; x_wconf 89' lang='lat' dir='ltr'><strong>ae</strong></span> <span class='ocrx_word' id='word_1_409' title='bbox 730 4319 797 4381; x_wconf 90' lang='lat' dir='ltr'><strong>dedi</strong></span> <span class='ocrx_word' id='word_1_410' title='bbox 812 4320 853 4380; x_wconf 94' lang='lat' dir='ltr'><strong>illi</strong></span> <span class='ocrx_word' id='word_1_411' title='bbox 868 4321 898 4380; x_wconf 91' lang='lat' dir='ltr'><strong>in</strong></span> <span class='ocrx_word' id='word_1_412' title='bbox 912 4320 1015 4394; x_wconf 82' lang='lat' dir='ltr'><strong>pignus</strong></span> <span class='ocrx_word' id='word_1_413' title='bbox 1031 4326 1148 4382; x_wconf 88' lang='lat' dir='ltr'><strong>catenas</strong></span> <span class='ocrx_word' id='word_1_414' title='bbox 1163 4335 1266 4380; x_wconf 88' lang='lat' dir='ltr'><strong>aureas</strong></span> <span class='ocrx_word' id='word_1_415' title='bbox 1283 4317 1359 4388; x_wconf 85' lang='lat' dir='ltr'><strong>duaa,</strong></span> 
     </span>
    </p>
   </div>
   <div class='ocr_carea' id='block_1_14' title="bbox 0 0 1488 4900">
    <p class='ocr_par' dir='ltr' id='par_1_14' title="bbox 0 0 1488 4900">
     <span class='ocr_line' id='line_1_40' title="bbox 0 0 1488 4900; baseline 0 0"><span class='ocrx_word' id='word_1_416' title='bbox 0 0 1488 4900; x_wconf 95' lang='lat' dir='ltr'><strong> </strong></span> 
     </span>
    </p>
   </div>
  </div>
 </body>
</html>
