2966 4900
714 264 777 330 199

237 443 310 506 Nos
324 445 437 520 rogavit
451 446 556 522 hospes
571 451 613 522 ut,
635 447 659 506 si
675 462 732 520 qua
746 443 811 506 fieri
825 451 938 520 posset,
962 464 1079 522 operam
1095 451 1227 512 daremus
1243 453 1330 513 domi·

137 564 210 607 narn
227 567 393 610 novercam
412 550 489 624 apud
508 553 601 625 ipsum
621 552 774 625 hospitari,
800 552 878 626 quod
897 553 990 624 ipsum
1012 554 1042 611 in
1065 558 1187 627 gratiam
1209 557 1330 632 hospitis

137 653 224 726 apud
242 655 265 714 J
266 661 368 716 ostnm
384 655 590 717 Colbacherum
606 662 636 716 et
650 657 836 717 Melchicrem
851 655 986 716 Lindiam
1002 660 1126 732 obtinui,
1150 679 1184 720 ea
1200 664 1277 736 lege,
1298 667 1331 722 ut

135 757 253 833 hospes
272 760 470 823 hebdomatim
484 767 594 822 tantum
610 761 735 821 thaleros
752 762 851 838 decem
866 762 1019 836 acciperet.

236 866 397 942 Philippus
412 864 504 925 frater
524 872 555 926 et
574 883 626 941 ego
650 868 739 941 igitur
759 883 847 940 equos
869 869 1107 943 conscendentes,
1134 889 1199 931 nam
1220 873 1244 930 is
1265 891 1329 933 meo

134 970 282 1044 monitu,
306 977 340 1030 ιιι
354 971 440 1030 matri
455 971 568 1031 obviem
582 969 680 1044 ficret,
705 989 758 1046 ego
775 977 806 1030 ιι
820 972 940 1031 maliciae
956 975 1100 1034 novercali
1117 981 1146 1035 ιι
1161 979 1284 1050 hospitio
1300 983 1330 1038 et

42 1055 45 1062 ⁴
134 1073 215 1133 urbe
233 1076 386 1136 cederem.
417 1077 520 1149 Sicque
535 1075 581 1135 die
597 1074 710 1136 sabbati
725 1077 859 1137 vicesima
874 1080 961 1138 tertia
975 1079 1054 1140 Junii
1069 1080 1229 1156 Augustam
1245 1086 1329 1148 comi-

136 1183 228 1238 tante
247 1199 308 1240 nos
324 1181 435 1241 Joaune
452 1179 603 1256 Galacteo,
619 1183 745 1245 ilenrico
760 1181 934 1258 Etzdorfflo,
959 1183 1086 1258 Gasparo
1102 1186 1210 1246 Comen
1225 1194 1254 1246 ιι
1269 1189 1327 1246 Lu-

136 1283 253 1345 dovieo
273 1303 358 1348 servo
373 1287 521 1361 liquimus,
544 1303 628 1361 quem
644 1287 691 1348 die
706 1288 818 1347 sabboti
833 1287 942 1346 decima
957 1296 1061 1362 quarta
1076 1308 1094 1349 a
1108 1290 1215 1363 Aprilis
1238 1293 1327 1350 intra·

137 1405 302 1450 veramus.
335 1391 397 1451 Nec
411 1392 523 1452 interea
536 1397 634 1452 noctes
652 1393 768 1466 diesque
784 1393 852 1452 alibi
868 1394 1006 1467 degimus.
1030 1396 1117 1453 Ferit
1132 1394 1202 1453 deus
1217 1401 1249 1452 ut
1263 1394 1328 1455 feli-

139 1496 220 1556 citer
241 1492 256 1530 ¹
282 1497 320 1556 sit
338 1498 368 1555 in
389 1499 514 1572 patriam
534 1496 688 1571 protectio,
716 1513 802 1570 quam
823 1497 860 1556 ad
881 1499 1013 1558 Sueviam
1033 1506 1062 1558 ιι
1087 1501 1251 1559 Vindelicos
1276 1498 1330 1561 fuit

140 1603 356 1676 perigrinatio.
394 1603 433 1660 Et
448 1602 616 1662 benedictus
631 1604 669 1661 sit
684 1603 759 1662 idem
770 1603 849 1678 deus,
867 1604 915 1676 qui
929 1605 1013 1662 mein
1027 1607 1113 1664 tantis
1123 1607 1329 1666 tentationibus

144 1712 176 1765 ιι
192 1709 299 1768 animo
316 1713 345 1766 et
360 1723 481 1782 corpore
504 1707 673 1767 incolumem
694 1723 730 1765 ex
749 1707 880 1766 omnihus
901 1709 1061 1782 aquilarum
1081 1714 1110 1768 et
1130 1712 1205 1768 omni
1228 1729 1330 1786 expec-

142 1812 268 1872 tatione
285 1813 409 1872 omnium
423 1809 602 1872 inimicorum
618 1814 732 1886 eripuit.
765 1811 860 1872 Donet
874 1818 906 1873 ut
926 1830 962 1872 ex
982 1813 1068 1873 corde
1087 1814 1201 1873 laudem
1225 1832 1328 1875 nomen

144 1917 219 1990 ejus
237 1917 329 1978 solius
343 1918 378 2001 in
389 1923 568 1992 perpetuum.
1010 1914 1017 1922 ”

245 2025 329 2082 Inter
339 2021 525 2096 equitandum
534 2023 683 2096 Philippus
698 2021 788 2083 irater
804 2030 901 2084 noster
914 2025 1028 2098 rogavit
1042 2028 1084 2098 ut,
1101 2025 1125 2082 si
1143 2025 1196 2084 deo
1212 2027 1327 2099 auspice

148 2131 282 2202 patriam
298 2128 464 2202 contingere
478 2127 547 2186 mihi
569 2127 701 2202 daretur,
724 2134 756 2188 ut
778 2131 839 2204 eJ'us
859 2135 889 2188 et
910 2127 1032 2188 fratrum
1053 2145 1166 2203 quoque
1185 2129 1326 2188 Dinostiae

148 2236 300 2294 rationem
313 2232 459 2306 haberem,
476 2233 593 2308 addens,
610 2235 766 2307 aliquando
777 2235 942 2307 meditarer,
959 2234 1061 2306 quibus
1071 2235 1124 2292 viis
1135 2235 1326 2294 dissensiones

151 2339 235 2400 inter
258 2357 311 2400 nos
334 2341 465 2412 componi
487 2344 604 2414 possent
626 2355 660 2398 ac
682 2340 777 2398 nescio
801 2339 870 2413 quid
893 2340 969 2396 intra
993 2339 1108 2397 buccam
1136 2356 1325 2399 murmurans.

153 2443 230 2504 llum
245 2446 464 2518 interrogarem,
482 2461 554 2517 quas
569 2445 779 2503 controversias
796 2443 913 2516 diceret,
930 2443 979 2516 ιιι,
996 2443 1072 2500 inter
1086 2459 1176 2516 pagos
1192 2444 1281 2502 Tuist
1296 2449 1326 2503 et

152 2547 320 2608 Berndorii.
352 2549 502 2623 Respondi
516 2566 569 2623 pro
585 2553 729 2622 tempore,
752 2563 816 2621 quae
837 2547 875 2606 ad
895 2563 994 2621 pacem
1016 2545 1111 2606 facere
1132 2551 1243 2621 putavi,
1268 2566 1326 2608 non

153 2655 289 2730 neglecta
303 2654 418 2712 iuterim
432 2654 562 2713 ueritatis
579 2655 756 2727 ostensione,
778 2659 811 2712 ut
824 2654 869 2712 vel
885 2653 997 2726 palpari
1012 2657 1123 2726 posset,
1145 2652 1212 2725 qnid
1232 2653 1325 2726 velim,

154 2758 338 2833 concludere,
355 2761 449 2820 nullas
463 2760 577 2818 omnino
592 2762 668 2819 inter
682 2775 734 2818 nos
751 2758 942 2817 dissensiones
957 2757 1028 2832 tore,
1045 2759 1069 2816 si
1084 2774 1147 2816 eum
1163 2759 1193 2815 in
1207 2774 1251 2816 me
1268 2759 1327 2816 ani.-

157 2881 235 2924 mum
250 2870 399 2939 gererent,
422 2865 535 2938 qualem
550 2881 644 2924 meum
658 2865 689 2922 in
702 2865 779 2937 ipsos
799 2867 907 2936 praeter
924 2865 996 2922 alies
1018 2864 1103 2923 modo
1125 2863 1172 2921 hic
1190 2863 1327 2937 Augusta

160 2971 273 3045 experti
289 2973 391 3044 essent,
409 2975 439 3028 et
454 2986 512 3042 ιιι,
529 2985 650 3043 quorum
664 2969 759 3026 omnia
776 2963 788 3002 ³
804 2986 861 3028 non
876 2971 981 3044 ignota,
999 2971 1048 3044 qui
1063 2970 1157 3029 oleum
1172 2971 1202 3028 in
1217 2971 1327 3029 camino

159 3077 204 3152 (ut
225 3076 256 3134 in
276 3075 429 3150 proverbio
450 3073 565 3149 dicitur)
591 3072 765 3149 suffundunt,
788 3075 834 3134 vel
849 3092 866 3132 a
881 3091 912 3133 se
927 3082 1092 3134 amoverent
1105 3077 1150 3134 vel
1165 3077 1266 3135 saltem
1282 3093 1327 3134 co-

157 3179 318 3254 hercereut,
333 3181 504 3252 tandemque
519 3181 615 3253 recepi
630 3196 693 3253 quae
709 3197 821 3254 possem
836 3181 1019 3240 libentissime
1034 3198 1079 3239 me
1093 3179 1243 3241 facturum.

248 3284 475 3345 Transeuntihus
498 3290 594 3343 autem
610 3285 797 3347 Wernitzium
818 3283 948 3356 fluvium,
970 3286 1016 3345 vel
1031 3288 1108 3360 quod
1123 3285 1209 3344 fluvio
1225 3303 1327 3345 nomeu

160 3397 215 3465 est,
237 3395 267 3450 et
281 3390 577 3465 appropinquantibus
593 3391 698 3450 casulae
714 3391 756 3450 illi
770 3392 801 3449 in
815 3392 889 3450 viam
905 3389 1043 3449 Werdam
1059 3391 1205 3461 euntibus,
1227 3391 1245 3447 J
1247 3395 1327 3449 ustus

96 3510 99 3515 ’
160 3513 240 3571 puer,
258 3513 341 3570 quem
355 3492 446 3554 frater
460 3495 610 3570 Philippus
625 3498 816 3569 praemiserat,
834 3511 897 3552 cum
913 3494 1046 3566 Adolpho
1062 3509 1161 3550 rursus
1176 3491 1260 3550 nobis
1277 3493 1326 3554 ob·

160 3602 233 3662 nam
248 3602 365 3661 veniunt
380 3600 506 3660 dicentes
521 3607 641 3660 matrem
661 3603 691 3659 in
711 3583 784 3672 pago
806 3597 986 3656 Gersthoven
1006 3603 1034 3656 et
1055 3613 1191 3671 prensam
1213 3613 1275 3656 esse
1298 3605 1327 3657 et

160 3681 259 3763 isthaec
273 3705 437 3780 Philippum
454 3713 614 3781 expectare,
636 3708 668 3764 ut
689 3722 751 3764 eam
771 3703 930 3778 Augustam
954 3703 1086 3762 deducat.
1118 3701 1160 3760 Ac
1180 3704 1326 3776 paululum

160 3810 319 3884 progressis
335 3827 369 3870 ac
380 3812 440 3884 J'am
455 3829 561 3885 pagum
575 3811 749 3870 intrantibus
764 3809 860 3868 nescio
876 3811 955 3884 cujus
974 3809 1057 3882 jussu
1077 3807 1149 3869 dixit
1137 3795 1326 3884 tAdolphus,

161 3915 304 3975 dominam
319 3921 440 3976 matrem
455 3933 558 3990 rogare
574 3923 607 3976 ut
621 3916 751 3976 Eubulus
768 3929 879 3989 quoque
895 3933 958 3974 eam
973 3915 1082 3989 alloqui
1098 3916 1239 3976 velletI
1239 3921 1327 3988 taque

160 4037 222 4082 eam
237 4021 268 4080 in
282 4021 403 4082 taberna
418 4013 609 4097 reperientes,
632 4038 696 4096 quac
711 4021 760 4081 hhi
775 4037 826 4080 nos
842 4023 1003 4095 conspexit,
1027 4021 1105 4080 foras
1126 4018 1237 4079 obviam
1258 4033 1326 4076 con·

160 4127 235 4186 cedit
249 4132 280 4186 ιι
293 4127 413 4186 hilarem
428 4141 489 4202 prae
504 4145 536 4188 se
551 4125 645 4196 ferens
660 4126 783 4188 frontem
799 4144 851 4188 nos
867 4128 956 4199 amice
972 4125 1092 4195 excepit
1071 4122 1148 4182 tO
1168 4118 1326 4180 mirabilem

224 4333 245 4382 ’1
267 4333 328 4386 Lies
347 4334 418 4386 felici
412 4352 457 4385 1.or
533 4339 547 4384 2
567 4329 711 4386 nomina?
768 4345 773 4352 ’
