2940 4900
691 271 734 334 et

110 455 264 516 Masculus
280 457 388 528 itaque
407 455 674 529 recapitulationem
689 470 796 528 eornm,
819 471 882 528 quae
898 456 944 514 die
960 455 1102 518 dominica
1115 457 1205 520 Lunae
1220 459 1298 520 Mer·

110 560 181 618 curii
197 564 230 618 et
246 560 378 620 Veneris
400 560 506 635 elapsis
528 559 567 618 ad
585 558 795 632 precedentem
814 565 924 619 textum
939 560 1137 624 elucidandum
1151 565 1297 638 docuerat,

110 662 185 724 iecit.
227 664 351 724 Dehinc
374 681 462 738 quare
478 664 608 724 Christus
630 665 783 737 discipulos
798 665 920 724 mundos
936 681 999 723 esse
1018 665 1139 741 dixerit,
1164 669 1297 743 ostendit,

111 769 246 828 mmirum
256 769 298 826 ob
309 771 432 829 verbum
447 769 524 842 qaod
530 769 700 828 audierant.
723 770 796 828 Item
810 771 899 828 mouit
909 773 1104 846 quaestionem,
1121 790 1185 847 quae
1200 789 1298 834 eorum

110 872 268 933 mundities
286 891 354 934 esse
370 875 507 949 potuerit,
530 890 593 932 eum
609 875 732 948 apostoli
747 875 900 935 ambitione
915 875 1089 952 laborarent,
1114 895 1205 952 quare
1228 884 1257 938 et
1278 893 1297 940 a

110 978 226 1038 domino
251 981 387 1053 correpti
407 984 474 1039 sunt
497 980 568 1052 ipsis
591 978 717 1039 dicente:
751 979 900 1052 Principes
916 983 1042 1054 gentium
1057 982 1240 1044 dominentur
1255 985 1296 1064 eie

110 1088 173 1157 eta,
190 1099 245 1142 uos
260 1089 365 1143 autern
380 1099 438 1142 non
453 1084 502 1142 sic.
535 1083 575 1142 Et
590 1100 653 1142 cnm
668 1085 771 1143 iterato
787 1084 823 1143 de
838 1084 939 1144 eadem
952 1103 985 1144 re
1001 1086 1190 1162 disputarent,
1215 1089 1294 1162 pael-

110 1188 167 1246 lum
181 1189 213 1246 in
229 1189 263 1248 in
279 1189 410 1248 medium
425 1189 559 1248 statuerit
574 1194 628 1248 etc.
661 1189 735 1247 Hinc
750 1190 838 1262 igitur
853 1189 945 1262 liquet
959 1193 1113 1266 apostolos,
1135 1199 1164 1251 et
1179 1207 1237 1252 non
1251 1210 1296 1254 sc·

110 1292 168 1350 lum
183 1293 355 1370 apostolos,
381 1294 434 1354 sed
452 1298 483 1351 et
505 1309 557 1352 nos
580 1309 676 1354 omnes
698 1295 757 1366 jam
779 1298 838 1352 tunt
861 1293 981 1354 mundos
1006 1311 1068 1354 esse
1088 1313 1141 1369 per
1162 1299 1295 1358 meritum

112 1394 218 1454 Christi
236 1403 269 1456 et
285 1397 408 1458 verbum
424 1401 486 1472 ejus
501 1381 728 1474 fidereceptnni.
766 1401 836 1458 Item
853 1399 930 1472 quod
945 1397 1023 1458 Deus
1040 1417 1074 1458 ex
1089 1417 1168 1458 mere
1184 1405 1214 1460 et
1228 1418 1293 1474 gra·

113 1503 185 1562 tuita
201 1519 258 1562 sna
273 1503 484 1578 misericordia,
506 1506 618 1566 etiamsi
633 1521 690 1564 non
704 1502 833 1577 perfecta
848 1504 877 1561 in
894 1504 975 1563 nobis
989 1506 1100 1576 puritas
1115 1506 1161 1578 sit,
1188 1505 1225 1564 ob
1239 1503 1294 1566 fili·

111 1623 157 1664 nm
172 1622 227 1680 per
243 1609 468 1683 imputationem
489 1626 541 1682 pro
561 1609 674 1669 mundis
695 1625 747 1668 nos
762 1608 880 1681 habeat,
898 1614 926 1666 et
941 1609 1019 1680 quod
1033 1624 1117 1668 nemo
1133 1617 1294 1670 sanctorum

113 1727 243 1784 unquam
260 1712 338 1773 adeo
353 1711 496 1787 perfectus
511 1712 608 1789 fuerit,
625 1731 682 1788 quo
697 1713 945 1774 hancmunditiem
955 1714 1032 1773 omni
1047 1730 1083 1772 ex
1097 1721 1180 1788 perte
1195 1715 1225 1772 in
1240 1713 1295 1776 hoc

112 1815 218 1876 mundo
234 1822 390 1878 assecutus
405 1819 452 1893 sit,
469 1835 521 1878 nec
535 1835 603 1878 vera
619 1835 732 1893 quoque
748 1820 876 1890 ecclesia,
889 1835 955 1878 nam
970 1819 1124 1878 necessitas
1135 1835 1198 1878 eam
1210 1828 1295 1896 urget

115 1921 244 1992 quotidie
260 1939 363 1983 orara:
379 1924 505 1991 Remitte
519 1923 601 1983 nobis
617 1921 713 1983 debita
728 1929 835 1982 nostra.
865 1924 906 1983 Et
919 1923 972 2009 hoc
982 1925 1045 1984 loco
1060 1924 1151 1984 multa
1166 1926 1241 1985 seria
1256 1927 1293 1986 de

115 2025 238 2087 aduersa
254 2029 379 2087 ecelesia
389 2029 469 2088 dixit.
495 2029 577 2100 Quod
592 2035 687 2090 autem
703 2031 744 2088 eit
759 2029 905 2088 dominns:
933 2029 997 2087 «Ob
1012 2029 1140 2103 verbum,
1157 2030 1234 2104 qnod
1249 2015 1291 2096 10ss

115 2137 221 2204 quotus
239 2149 307 2192 sum
323 2133 433 2210 vebia»
452 2136 610 2196 notandum
620 2135 687 2193 hino
697 2139 750 2208 est,
767 2135 844 2208 qnod
860 2137 970 2208 puritas
980 2152 1037 2195 non
1052 2135 1168 2210 anobis,
1186 2137 1235 2210 qui
1248 2135 1291 2198 ia·

116 2241 160 2294 tas
182 2242 213 2296 et
234 2239 268 2298 in
293 2244 358 2324 onte
373 2240 449 2298 vitiis
465 2239 620 2314 affluimua
643 2239 694 2299 sed
709 2256 727 2298 e
742 2241 792 2299 viti
815 2241 864 2298 illa
879 2257 948 2300 vera
964 2241 1045 2300 nobis
1062 2241 1215 2314 contingat.
1253 2241 1294 2300 Et

116 2347 235 2414 propter
250 2345 373 2404 verbum
387 2346 494 2419 inquit,
517 2345 594 2420 quod
609 2345 745 2418 audistis,
771 2345 879 2403 scilieet
894 2362 912 2403 a
926 2359 985 2418 me,
1010 2360 1067 2402 non
1083 2344 1118 2401 oh
1135 2343 1291 2416 quodlibet,

12 2435 14 2464 '
118 2444 223 2522 inquit,
248 2449 370 2510 verbum
392 2451 514 2524 domini,
539 2451 624 2524 idque
645 2449 772 2519 unicum,
799 2465 857 2508 non
880 2448 1008 2522 judaicas
1032 2446 1210 2520 traditiones,
1234 2463 1292 2506 non

118 2551 323 2614 mahumeticus
345 2557 521 2628 sanctiones,
549 2571 606 2614 non
628 2552 795 2611 ludaeorum
819 2553 949 2626 Talmut,
966 2553 1103 2612 turcicum
1119 2551 1292 2610 Alcorannnr

12 2655 13 2668 ¹
120 2655 164 2714 vel
177 2659 329 2731 pontificia
351 2661 467 2722 decreta
483 2667 537 2720 ete.
578 2659 692 2718 Doeens
714 2672 798 2729 quam
820 2656 892 2715 nihil
906 2661 988 2715 extra
1003 2662 1033 2714 et
1047 2661 1164 2730 praeter‘
1175 2655 1292 2716 verbum

12 2831 13 2838 ἵ
120 2759 164 2819 dei
184 2764 215 2822 in
230 2766 373 2839 religione
388 2768 444 2826 vim
459 2767 578 2840 habeat,
600 2764 638 2825 ob
654 2763 750 2846 oculos
770 2761 878 2836 ponens
893 2762 995 2822 harum
1010 2777 1107 2820 rerum
1122 2761 1292 2820 antithesin!

12 2875 13 2880 ’
121 2864 189 2926 Item
203 2869 242 2930 de
258 2888 313 2929 usu
327 2875 568 2930 sacramentorum
586 2876 615 2930 et
631 2869 666 2928 de
681 2868 726 2942 iis,
742 2884 805 2941 quae
821 2868 883 2926 sine
899 2868 986 2927 verbo
997 2883 1050 2940 per
1065 2867 1193 2940 papistes
1209 2861 1291 2940 dunt,

12 3029 13 3032 ,
122 2970 191 3030 sicat
205 2977 306 3034 unctio
321 2981 449 3036 exuema
464 2981 493 3035 et
506 2974 551 3034 his
568 2975 679 3048 similia,
695 2989 767 3047 opus
777 2977 925 3044 operatum
941 2977 970 3030 et
981 2971 1179 3044 papicolerum
1192 2970 1293 3030 missas

12 3081 13 3104 ¹
122 3077 264 3149 rejiciens.
297 3080 392 3140 Multa
408 3089 444 3138 en
457 3080 611 3167 Augustini
627 3079 740 3153 scriptis
756 3075 911 3150 adducens,
936 3094 972 3135 ex
987 3049 1293 3150 quibus⁴eonfirmabat

12 3167 13 3199 ³
124 3183 240 3244 uerbum
255 3202 313 3244 non
328 3191 472 3245 mortuum
492 3201 592 3246 sonum
612 3184 691 3242 illurn
713 3183 743 3240 in
757 3198 841 3241 eures
856 3187 1056 3256 penetrantem
1071 3186 1100 3240 et
1113 3182 1290 3252 tinnientem,

12 3343 13 3364 ,
125 3287 172 3370 sed
185 3292 306 3352 verbum
319 3291 376 3352 fide
391 3292 601 3366 apprehensum
625 3297 653 3350 et
667 3303 741 3364 puro
757 3286 843 3346 corde
867 3291 1066 3344 conservatum
1080 3267 1132 3345 nos
1153 3285 1191 3344 ad
1207 3283 1289 3344 chn-

12 3375 13 3378 '
125 3397 195 3454 stum
209 3396 379 3472 perducere.
403 3397 496 3456 Movit
509 3397 576 3455 item
593 3397 791 3468 quaestionem,
813 3391 890 3464 qaod
911 3408 968 3450 non
991 3406 1089 3448 omnes
1110 3389 1190 3448 verbi
1205 3389 1294 3450 aodi-

125 3501 198 3560 tores
213 3501 312 3560 mundi
326 3495 530 3575 redderentur,
548 3507 577 3560 et
591 3499 720 3573 exemplo
736 3497 820 3556 Jadae
835 3497 965 3580 Icariotis
980 3494 1054 3552 hene
1067 3493 1208 3552 rationem
1222 3490 1289 3554 red·

128 3603 209 3682 dens,
234 3606 311 3680 quod
330 3606 421 3666 ludas
435 3577 589 3681 ’nunquam
613 3621 648 3662 ex
663 3605 757 3662 animo
772 3601 867 3660 verbis
883 3597 989 3657 Christi
1004 3597 1180 3656 adhesisset.
1219 3596 1289 3657 Per·

128 3712 264 3788 stringens
280 3729 393 3786 quoque
410 3713 472 3785 ejas
487 3711 589 3772 farinae
605 3709 761 3780 auditores,
782 3705 909 3778 allegans
926 3703 1032 3762 dietam
1039 3703 1208 3777 Augustini:
1223 3702 1291 3766 Nan

12 3791 13 3853 i
129 3830 178 3876 vox
191 3817 344 3890 transiens,
362 3817 413 3876 sed
428 3819 535 3876 veritas
550 3830 699 3874 remanens
716 3819 769 3872 ete.
794 3811 876 3885 Quod
891 3826 947 3869 non
962 3809 1081 3868 verbum
1096 3810 1227 3868 auditum
1241 3807 1292 3870 sed

59 3903 61 3910 ¹
129 3921 241 3984 verbam
256 3922 395 3984 creditum
419 3925 481 3996 ejus
496 3938 582 3995 quom
597 3920 710 3979 dixerat
725 3919 849 3991 energia
865 3917 914 3988 sit,
937 3903 1012 3976 inter
1027 3915 1140 3986 reliqua
1155 3916 1292 3992 graphice

130 4030 270 4103 emphasin
283 4030 392 4088 voculae
407 4029 524 4088 «vobim
539 4028 587 4086 hic
597 4026 736 4102 appositae
749 4022 893 4096 explicuit.
917 4020 984 4082 Non
1000 4021 1075 4079 enirn
1091 4019 1168 4091 quod
1182 4017 1291 4090 angelis

12 4127 13 4140 ¹
130 4134 170 4192 vel
182 4134 262 4209 teris,
278 4135 330 4195 aed
345 4134 423 4207 quod
438 4133 519 4192 vobis
534 4131 722 4206 praedicatur,
747 4130 826 4190 vobis
842 4129 872 4186 in
887 4124 1046 4201 proiectum
1061 4124 1145 4183 cedit.
1169 4120 1291 4182 Monens

130 4233 178 4314 hic,
194 4255 280 4313 quem
294 4255 352 4298 non
368 4237 546 4298 conducibile
568 4237 605 4294 ait
622 4237 653 4294 in
668 4236 824 4308 peregrina
838 4234 936 4306 lingua
957 4245 1021 4288 cum
1035 4227 1233 4301 ignorantibus
1246 4227 1289 4286 lo·

132 4346 183 4420 qai,
207 4347 369 4419 praesertim
385 4343 461 4418 quod
474 4344 558 4416 juxta
572 4341 693 4401 Paulum
709 4341 804 4398 omnia
818 4339 847 4394 in
862 4335 985 4411 proximi
999 4329 1215 4391 aedificationem
1229 4329 1291 4392 fieri
