<?xml version="1.0" encoding="UTF-8"?>
<!DOCTYPE html PUBLIC "-//W3C//DTD XHTML 1.0 Transitional//EN"
    "http://www.w3.org/TR/xhtml1/DTD/xhtml1-transitional.dtd">
<html xmlns="http://www.w3.org/1999/xhtml" xml:lang="en" lang="en">
 <head>
  <title>
</title>
<meta http-equiv="Content-Type" content="text/html;charset=utf-8" />
  <meta name='ocr-system' content='tesseract 3.04.00' />
  <meta name='ocr-capabilities' content='ocr_page ocr_carea ocr_par ocr_line ocrx_word'/>
</head>
<body>
  <div class='ocr_page' id='page_1' title='image "./desgrafenwolrad01trosgoog_0238.png"; bbox 0 0 2966 4900; ppageno 0'>
   <div class='ocr_carea' id='block_1_1' title="bbox 689 351 756 424">
    <p class='ocr_par' dir='ltr' id='par_1_1' title="bbox 689 351 756 424">
     <span class='ocr_line' id='line_1_1' title="bbox 689 351 756 424; baseline -0.045 0"><span class='ocrx_word' id='word_1_1' title='bbox 689 351 756 424; x_wconf 71' lang='lat'><strong>223</strong></span> 
     </span>
    </p>
   </div>
   <div class='ocr_carea' id='block_1_2' title="bbox 116 537 1301 3353">
    <p class='ocr_par' dir='ltr' id='par_1_2' title="bbox 116 537 1301 721">
     <span class='ocr_line' id='line_1_2' title="bbox 116 537 1301 618; baseline 0.003 -21"><span class='ocrx_word' id='word_1_2' title='bbox 116 541 221 613; x_wconf 86' lang='lat' dir='ltr'><strong>jussus</strong></span> <span class='ocrx_word' id='word_1_3' title='bbox 237 544 295 613; x_wconf 84' lang='lat' dir='ltr'><strong>cst,</strong></span> <span class='ocrx_word' id='word_1_4' title='bbox 317 543 357 614; x_wconf 89' lang='lat' dir='ltr'><strong>ut,</strong></span> <span class='ocrx_word' id='word_1_5' title='bbox 374 537 560 613; x_wconf 82' lang='lat' dir='ltr'><strong>posteaquem</strong></span> <span class='ocrx_word' id='word_1_6' title='bbox 572 541 632 613; x_wconf 87' lang='lat' dir='ltr'><strong>jam</strong></span> <span class='ocrx_word' id='word_1_7' title='bbox 646 539 776 600; x_wconf 78' lang='lat' dir='ltr'><strong>Eubulus</strong></span> <span class='ocrx_word' id='word_1_8' title='bbox 791 539 822 598; x_wconf 89' lang='lat' dir='ltr'><strong>in</strong></span> <span class='ocrx_word' id='word_1_9' title='bbox 837 540 960 615; x_wconf 75' lang='lat' dir='ltr'><strong>gratim</strong></span> <span class='ocrx_word' id='word_1_10' title='bbox 973 542 1089 602; x_wconf 84' lang='lat' dir='ltr'><strong>cessaris</strong></span> <span class='ocrx_word' id='word_1_11' title='bbox 1106 547 1239 617; x_wconf 87' lang='lat' dir='ltr'><strong>receptus</strong></span> <span class='ocrx_word' id='word_1_12' title='bbox 1254 543 1301 618; x_wconf 90' lang='lat' dir='ltr'><strong>sit,</strong></span> 
     </span>
     <span class='ocr_line' id='line_1_3' title="bbox 120 641 998 721; baseline 0.002 -17"><span class='ocrx_word' id='word_1_13' title='bbox 120 645 228 706; x_wconf 85' lang='lat' dir='ltr'><strong>eadem</strong></span> <span class='ocrx_word' id='word_1_14' title='bbox 243 651 338 704; x_wconf 86' lang='lat' dir='ltr'><strong>mente</strong></span> <span class='ocrx_word' id='word_1_15' title='bbox 354 645 385 703; x_wconf 89' lang='lat' dir='ltr'><strong>in</strong></span> <span class='ocrx_word' id='word_1_16' title='bbox 399 645 491 717; x_wconf 91' lang='lat' dir='ltr'><strong>ipsum</strong></span> <span class='ocrx_word' id='word_1_17' title='bbox 505 641 581 704; x_wconf 86' lang='lat' dir='ltr'><strong>foret</strong></span> <span class='ocrx_word' id='word_1_18' title='bbox 594 661 698 719; x_wconf 89' lang='lat' dir='ltr'><strong>necne,</strong></span> <span class='ocrx_word' id='word_1_19' title='bbox 715 647 795 721; x_wconf 88' lang='lat' dir='ltr'><strong>prius</strong></span> <span class='ocrx_word' id='word_1_20' title='bbox 810 647 998 720; x_wconf 79' lang='lat' dir='ltr'><strong>experiretur.</strong></span> 
     </span>
    </p>

    <p class='ocr_par' dir='ltr' id='par_1_3' title="bbox 120 746 1300 1037">
     <span class='ocr_line' id='line_1_4' title="bbox 216 746 1300 824; baseline 0.002 -15"><span class='ocrx_word' id='word_1_21' title='bbox 216 750 355 824; x_wconf 83' lang='lat' dir='ltr'><strong>Augustas</strong></span> <span class='ocrx_word' id='word_1_22' title='bbox 370 746 446 808; x_wconf 87' lang='lat' dir='ltr'><strong>fama</strong></span> <span class='ocrx_word' id='word_1_23' title='bbox 459 747 553 808; x_wconf 86' lang='lat' dir='ltr'><strong>fertur</strong></span> <span class='ocrx_word' id='word_1_24' title='bbox 567 749 713 809; x_wconf 84' lang='lat' dir='ltr'><strong>Eubulum</strong></span> <span class='ocrx_word' id='word_1_25' title='bbox 734 752 806 812; x_wconf 89' lang='lat' dir='ltr'><strong>duos</strong></span> <span class='ocrx_word' id='word_1_26' title='bbox 825 753 1041 812; x_wconf 78' lang='lat' dir='ltr'><strong>concionatores</strong></span> <span class='ocrx_word' id='word_1_27' title='bbox 1056 751 1190 811; x_wconf 85' lang='lat' dir='ltr'><strong>Werdeae</strong></span> <span class='ocrx_word' id='word_1_28' title='bbox 1206 768 1300 811; x_wconf 90' lang='lat' dir='ltr'><strong>seeum</strong></span> 
     </span>
     <span class='ocr_line' id='line_1_5' title="bbox 120 854 1300 933; baseline 0 -18"><span class='ocrx_word' id='word_1_29' title='bbox 120 855 291 915; x_wconf 82' lang='lat' dir='ltr'><strong>abduxisse.</strong></span> <span class='ocrx_word' id='word_1_30' title='bbox 322 855 522 915; x_wconf 86' lang='lat' dir='ltr'><strong>Atrebatensis</strong></span> <span class='ocrx_word' id='word_1_31' title='bbox 539 855 649 915; x_wconf 90' lang='lat' dir='ltr'><strong>duobus</strong></span> <span class='ocrx_word' id='word_1_32' title='bbox 663 854 800 916; x_wconf 87' lang='lat' dir='ltr'><strong>fratribus</strong></span> <span class='ocrx_word' id='word_1_33' title='bbox 816 859 874 916; x_wconf 88' lang='lat' dir='ltr'><strong>suis</strong></span> <span class='ocrx_word' id='word_1_34' title='bbox 890 857 1032 933; x_wconf 87' lang='lat' dir='ltr'><strong>germanis</strong></span> <span class='ocrx_word' id='word_1_35' title='bbox 1047 859 1198 918; x_wconf 76' lang='lat' dir='ltr'><strong>comitatus</strong></span> <span class='ocrx_word' id='word_1_36' title='bbox 1213 857 1300 918; x_wconf 89' lang='lat' dir='ltr'><strong>semel</strong></span> 
     </span>
     <span class='ocr_line' id='line_1_6' title="bbox 120 961 966 1037; baseline 0.002 -17"><span class='ocrx_word' id='word_1_37' title='bbox 120 967 215 1034; x_wconf 83' lang='lat' dir='ltr'><strong>atque</strong></span> <span class='ocrx_word' id='word_1_38' title='bbox 230 961 334 1019; x_wconf 87' lang='lat' dir='ltr'><strong>iterum</strong></span> <span class='ocrx_word' id='word_1_39' title='bbox 349 975 502 1019; x_wconf 86' lang='lat' dir='ltr'><strong>novercam</strong></span> <span class='ocrx_word' id='word_1_40' title='bbox 518 965 646 1020; x_wconf 80' lang='lat' dir='ltr'><strong>nostrum</strong></span> <span class='ocrx_word' id='word_1_41' title='bbox 661 962 691 1018; x_wconf 92' lang='lat' dir='ltr'><strong>in</strong></span> <span class='ocrx_word' id='word_1_42' title='bbox 706 961 833 1037; x_wconf 90' lang='lat' dir='ltr'><strong>hospicio</strong></span> <span class='ocrx_word' id='word_1_43' title='bbox 848 964 966 1023; x_wconf 88' lang='lat' dir='ltr'><strong>invisiit.</strong></span> 
     </span>
    </p>

    <p class='ocr_par' dir='ltr' id='par_1_4' title="bbox 119 1065 1301 1352">
     <span class='ocr_line' id='line_1_7' title="bbox 216 1065 1299 1132; baseline 0.004 -6"><span class='ocrx_word' id='word_1_44' title='bbox 216 1067 327 1126; x_wconf 87' lang='lat' dir='ltr'><strong>Retulit</strong></span> <span class='ocrx_word' id='word_1_45' title='bbox 341 1066 422 1126; x_wconf 91' lang='lat' dir='ltr'><strong>nobis</strong></span> <span class='ocrx_word' id='word_1_46' title='bbox 437 1067 513 1126; x_wconf 91' lang='lat' dir='ltr'><strong>idem</strong></span> <span class='ocrx_word' id='word_1_47' title='bbox 527 1065 671 1126; x_wconf 77' lang='lat' dir='ltr'><strong>Adrianus</strong></span> <span class='ocrx_word' id='word_1_48' title='bbox 686 1067 819 1128; x_wconf 77' lang='lat' dir='ltr'><strong>abbatem</strong></span> <span class='ocrx_word' id='word_1_49' title='bbox 837 1068 874 1128; x_wconf 91' lang='lat' dir='ltr'><strong>de</strong></span> <span class='ocrx_word' id='word_1_50' title='bbox 887 1067 1034 1128; x_wconf 84' lang='lat' dir='ltr'><strong>K&#39;eislreim</strong></span> <span class='ocrx_word' id='word_1_51' title='bbox 1048 1069 1209 1132; x_wconf 86' lang='lat' dir='ltr'><strong>Palatinum</strong></span> <span class='ocrx_word' id='word_1_52' title='bbox 1225 1070 1299 1130; x_wconf 89' lang='lat' dir='ltr'><strong>elec·</strong></span> 
     </span>
     <span class='ocr_line' id='line_1_8' title="bbox 119 1172 1301 1248; baseline 0.004 -18"><span class='ocrx_word' id='word_1_53' title='bbox 119 1177 220 1232; x_wconf 90' lang='lat' dir='ltr'><strong>torem</strong></span> <span class='ocrx_word' id='word_1_54' title='bbox 234 1173 266 1230; x_wconf 91' lang='lat' dir='ltr'><strong>in</strong></span> <span class='ocrx_word' id='word_1_55' title='bbox 279 1172 439 1231; x_wconf 88' lang='lat' dir='ltr'><strong>coenebium</strong></span> <span class='ocrx_word' id='word_1_56' title='bbox 455 1188 536 1231; x_wconf 91' lang='lat' dir='ltr'><strong>suum</strong></span> <span class='ocrx_word' id='word_1_57' title='bbox 549 1173 675 1245; x_wconf 91' lang='lat' dir='ltr'><strong>hospitio</strong></span> <span class='ocrx_word' id='word_1_58' title='bbox 691 1174 822 1246; x_wconf 85' lang='lat' dir='ltr'><strong>excipere</strong></span> <span class='ocrx_word' id='word_1_59' title='bbox 837 1173 972 1233; x_wconf 86' lang='lat' dir='ltr'><strong>noluisse.</strong></span> <span class='ocrx_word' id='word_1_60' title='bbox 995 1174 1166 1248; x_wconf 87' lang='lat' dir='ltr'><strong>Repertavit</strong></span> <span class='ocrx_word' id='word_1_61' title='bbox 1180 1181 1210 1234; x_wconf 91' lang='lat' dir='ltr'><strong>et</strong></span> <span class='ocrx_word' id='word_1_62' title='bbox 1223 1181 1301 1235; x_wconf 89' lang='lat' dir='ltr'><strong>cate-</strong></span> 
     </span>
     <span class='ocr_line' id='line_1_9' title="bbox 119 1276 1257 1352; baseline 0.004 -18"><span class='ocrx_word' id='word_1_63' title='bbox 119 1295 177 1338; x_wconf 87' lang='lat' dir='ltr'><strong>nes</strong></span> <span class='ocrx_word' id='word_1_64' title='bbox 194 1293 308 1336; x_wconf 71' lang='lat' dir='ltr'><strong>aurem</strong></span> <span class='ocrx_word' id='word_1_65' title='bbox 330 1277 411 1336; x_wconf 90' lang='lat' dir='ltr'><strong>Idem</strong></span> <span class='ocrx_word' id='word_1_66' title='bbox 425 1277 498 1335; x_wconf 87' lang='lat' dir='ltr'><strong>dixit</strong></span> <span class='ocrx_word' id='word_1_67' title='bbox 510 1278 669 1351; x_wconf 90' lang='lat' dir='ltr'><strong>Rotgerum</strong></span> <span class='ocrx_word' id='word_1_68' title='bbox 684 1276 745 1336; x_wconf 85' lang='lat' dir='ltr'><strong>auli</strong></span> <span class='ocrx_word' id='word_1_69' title='bbox 757 1276 809 1337; x_wconf 88' lang='lat' dir='ltr'><strong>der</strong></span> <span class='ocrx_word' id='word_1_70' title='bbox 822 1277 923 1351; x_wconf 82' lang='lat' dir='ltr'><strong>Burglr</strong></span> <span class='ocrx_word' id='word_1_71' title='bbox 937 1293 1015 1352; x_wconf 85' lang='lat' dir='ltr'><strong>segre</strong></span> <span class='ocrx_word' id='word_1_72' title='bbox 1030 1280 1118 1337; x_wconf 84' lang='lat' dir='ltr'><strong>vitem</strong></span> <span class='ocrx_word' id='word_1_73' title='bbox 1130 1280 1257 1339; x_wconf 80' lang='lat' dir='ltr'><strong>trebete.</strong></span> 
     </span>
    </p>

    <p class='ocr_par' dir='ltr' id='par_1_5' title="bbox 119 1381 1299 1864">
     <span class='ocr_line' id='line_1_10' title="bbox 214 1381 1299 1456; baseline 0.003 -15"><span class='ocrx_word' id='word_1_74' title='bbox 214 1381 325 1442; x_wconf 82' lang='lat' dir='ltr'><strong>Eadem</strong></span> <span class='ocrx_word' id='word_1_75' title='bbox 339 1396 433 1442; x_wconf 89' lang='lat' dir='ltr'><strong>comes</strong></span> <span class='ocrx_word' id='word_1_76' title='bbox 448 1382 645 1456; x_wconf 83' lang='lat' dir='ltr'><strong>Sigismundus</strong></span> <span class='ocrx_word' id='word_1_77' title='bbox 665 1381 835 1442; x_wconf 82' lang='lat' dir='ltr'><strong>aGleichen</strong></span> <span class='ocrx_word' id='word_1_78' title='bbox 854 1382 921 1442; x_wconf 90' lang='lat' dir='ltr'><strong>hinc</strong></span> <span class='ocrx_word' id='word_1_79' title='bbox 940 1383 1019 1455; x_wconf 88' lang='lat' dir='ltr'><strong>abiit.</strong></span> <span class='ocrx_word' id='word_1_80' title='bbox 1057 1383 1182 1443; x_wconf 80' lang='lat' dir='ltr'><strong>Domina</strong></span> <span class='ocrx_word' id='word_1_81' title='bbox 1200 1399 1299 1444; x_wconf 87' lang='lat' dir='ltr'><strong>socrus</strong></span> 
     </span>
     <span class='ocr_line' id='line_1_11' title="bbox 119 1487 1299 1562; baseline 0.002 -16"><span class='ocrx_word' id='word_1_82' title='bbox 119 1487 245 1548; x_wconf 73' lang='lat' dir='ltr'><strong>donent</strong></span> <span class='ocrx_word' id='word_1_83' title='bbox 259 1503 378 1547; x_wconf 88' lang='lat' dir='ltr'><strong>uxorem</strong></span> <span class='ocrx_word' id='word_1_84' title='bbox 393 1492 423 1546; x_wconf 90' lang='lat' dir='ltr'><strong>et</strong></span> <span class='ocrx_word' id='word_1_85' title='bbox 437 1503 482 1546; x_wconf 93' lang='lat' dir='ltr'><strong>me</strong></span> <span class='ocrx_word' id='word_1_86' title='bbox 496 1487 601 1547; x_wconf 85' lang='lat' dir='ltr'><strong>tabulis</strong></span> <span class='ocrx_word' id='word_1_87' title='bbox 617 1487 737 1562; x_wconf 83' lang='lat' dir='ltr'><strong>duabus,</strong></span> <span class='ocrx_word' id='word_1_88' title='bbox 754 1490 784 1547; x_wconf 92' lang='lat' dir='ltr'><strong>in</strong></span> <span class='ocrx_word' id='word_1_89' title='bbox 797 1489 898 1562; x_wconf 90' lang='lat' dir='ltr'><strong>quibus</strong></span> <span class='ocrx_word' id='word_1_90' title='bbox 911 1494 942 1549; x_wconf 89' lang='lat' dir='ltr'><strong>et</strong></span> <span class='ocrx_word' id='word_1_91' title='bbox 955 1489 1016 1561; x_wconf 88' lang='lat' dir='ltr'><strong>ejus</strong></span> <span class='ocrx_word' id='word_1_92' title='bbox 1032 1493 1061 1549; x_wconf 90' lang='lat' dir='ltr'><strong>et</strong></span> <span class='ocrx_word' id='word_1_93' title='bbox 1069 1489 1189 1549; x_wconf 83' lang='lat' dir='ltr'><strong>Hernici</strong></span> <span class='ocrx_word' id='word_1_94' title='bbox 1201 1491 1299 1548; x_wconf 88' lang='lat' dir='ltr'><strong>mariti</strong></span> 
     </span>
     <span class='ocr_line' id='line_1_12' title="bbox 120 1589 1299 1669; baseline 0.002 -18"><span class='ocrx_word' id='word_1_95' title='bbox 120 1589 235 1666; x_wconf 85' lang='lat' dir='ltr'><strong>effigies</strong></span> <span class='ocrx_word' id='word_1_96' title='bbox 252 1593 290 1652; x_wconf 89' lang='lat' dir='ltr'><strong>ed</strong></span> <span class='ocrx_word' id='word_1_97' title='bbox 303 1595 398 1653; x_wconf 86' lang='lat' dir='ltr'><strong>vivum</strong></span> <span class='ocrx_word' id='word_1_98' title='bbox 413 1594 459 1653; x_wconf 88' lang='lat' dir='ltr'><strong>vel</strong></span> <span class='ocrx_word' id='word_1_99' title='bbox 480 1609 498 1653; x_wconf 88' lang='lat' dir='ltr'><strong>a</strong></span> <span class='ocrx_word' id='word_1_100' title='bbox 513 1591 634 1658; x_wconf 71' lang='lat' dir='ltr'><strong>zeuxide</strong></span> <span class='ocrx_word' id='word_1_101' title='bbox 654 1593 723 1668; x_wconf 91' lang='lat' dir='ltr'><strong>ipso.</strong></span> <span class='ocrx_word' id='word_1_102' title='bbox 733 1593 860 1667; x_wconf 82' lang='lat' dir='ltr'><strong>depictus</strong></span> <span class='ocrx_word' id='word_1_103' title='bbox 874 1599 1000 1667; x_wconf 87' lang='lat' dir='ltr'><strong>putares.</strong></span> <span class='ocrx_word' id='word_1_104' title='bbox 1039 1593 1132 1669; x_wconf 81' lang='lat' dir='ltr'><strong>Super</strong></span> <span class='ocrx_word' id='word_1_105' title='bbox 1147 1597 1299 1669; x_wconf 80' lang='lat' dir='ltr'><strong>imaginem</strong></span> 
     </span>
     <span class='ocr_line' id='line_1_13' title="bbox 120 1697 1296 1775; baseline 0.003 -18"><span class='ocrx_word' id='word_1_106' title='bbox 120 1713 225 1758; x_wconf 88' lang='lat' dir='ltr'><strong>socrus</strong></span> <span class='ocrx_word' id='word_1_107' title='bbox 245 1699 381 1772; x_wconf 88' lang='lat' dir='ltr'><strong>scripturn</strong></span> <span class='ocrx_word' id='word_1_108' title='bbox 400 1698 455 1757; x_wconf 89' lang='lat' dir='ltr'><strong>Am</strong></span> <span class='ocrx_word' id='word_1_109' title='bbox 471 1699 550 1772; x_wconf 85' lang='lat' dir='ltr'><strong>Tage</strong></span> <span class='ocrx_word' id='word_1_110' title='bbox 569 1697 710 1758; x_wconf 87' lang='lat' dir='ltr'><strong>Bonifacii</strong></span> <span class='ocrx_word' id='word_1_111' title='bbox 724 1697 780 1758; x_wconf 92' lang='lat' dir='ltr'><strong>Bin</strong></span> <span class='ocrx_word' id='word_1_112' title='bbox 795 1699 845 1759; x_wconf 84' lang='lat' dir='ltr'><strong>lcln</strong></span> <span class='ocrx_word' id='word_1_113' title='bbox 864 1714 914 1759; x_wconf 88' lang='lat' dir='ltr'><strong>sex</strong></span> <span class='ocrx_word' id='word_1_114' title='bbox 932 1701 989 1760; x_wconf 81' lang='lat' dir='ltr'><strong>rud</strong></span> <span class='ocrx_word' id='word_1_115' title='bbox 1008 1701 1144 1775; x_wconf 78' lang='lat' dir='ltr'><strong>swennig</strong></span> <span class='ocrx_word' id='word_1_116' title='bbox 1159 1701 1232 1760; x_wconf 88' lang='lat' dir='ltr'><strong>Jchr</strong></span> <span class='ocrx_word' id='word_1_117' title='bbox 1245 1701 1296 1775; x_wconf 88' lang='lat' dir='ltr'><strong>alt,</strong></span> 
     </span>
     <span class='ocr_line' id='line_1_14' title="bbox 120 1785 927 1864; baseline 0.001 -1"><span class='ocrx_word' id='word_1_118' title='bbox 120 1805 169 1863; x_wconf 84' lang='lat' dir='ltr'><strong>rm</strong></span> <span class='ocrx_word' id='word_1_119' title='bbox 184 1803 238 1863; x_wconf 77' lang='lat' dir='ltr'><strong>Jar</strong></span> <span class='ocrx_word' id='word_1_120' title='bbox 256 1806 351 1864; x_wconf 86' lang='lat'><strong>1536.</strong></span> <span class='ocrx_word' id='word_1_121' title='bbox 629 1797 643 1818; x_wconf 57' lang='lat'><strong>⁸</strong></span> <span class='ocrx_word' id='word_1_122' title='bbox 710 1785 712 1791; x_wconf 71' lang='lat'>‘</span> <span class='ocrx_word' id='word_1_123' title='bbox 922 1799 927 1808; x_wconf 86' lang='lat'><em>·</em></span> 
     </span>
    </p>

    <p class='ocr_par' dir='ltr' id='par_1_6' title="bbox 120 1891 1296 2091">
     <span class='ocr_line' id='line_1_15' title="bbox 215 1891 1296 1986; baseline 0 -16"><span class='ocrx_word' id='word_1_124' title='bbox 215 1910 306 1972; x_wconf 82' lang='lat' dir='ltr'><strong>Fema</strong></span> <span class='ocrx_word' id='word_1_125' title='bbox 321 1914 365 1970; x_wconf 88' lang='lat' dir='ltr'><strong>est</strong></span> <span class='ocrx_word' id='word_1_126' title='bbox 380 1910 564 1972; x_wconf 73' lang='lat' dir='ltr'><strong>chunradum</strong></span> <span class='ocrx_word' id='word_1_127' title='bbox 572 1912 684 1986; x_wconf 88' lang='lat' dir='ltr'><strong>Pennig</strong></span> <span class='ocrx_word' id='word_1_128' title='bbox 698 1891 821 1986; x_wconf 85' lang='lat' dir='ltr'><strong>insignia</strong></span> <span class='ocrx_word' id='word_1_129' title='bbox 835 1910 947 1986; x_wconf 86' lang='lat' dir='ltr'><strong>aliquot</strong></span> <span class='ocrx_word' id='word_1_130' title='bbox 961 1911 1096 1972; x_wconf 87' lang='lat' dir='ltr'><strong>militaria</strong></span> <span class='ocrx_word' id='word_1_131' title='bbox 1107 1911 1191 1985; x_wconf 75' lang='lat' dir='ltr'><strong>iuxta</strong></span> <span class='ocrx_word' id='word_1_132' title='bbox 1199 1909 1296 1971; x_wconf 87' lang='lat' dir='ltr'><strong>Hern-</strong></span> 
     </span>
     <span class='ocr_line' id='line_1_16' title="bbox 120 2017 354 2091; baseline -0.013 -13"><span class='ocrx_word' id='word_1_133' title='bbox 120 2017 201 2091; x_wconf 84' lang='lat' dir='ltr'><strong>burg</strong></span> <span class='ocrx_word' id='word_1_134' title='bbox 217 2017 354 2077; x_wconf 86' lang='lat' dir='ltr'><strong>erexisse.</strong></span> 
     </span>
    </p>

    <p class='ocr_par' dir='ltr' id='par_1_7' title="bbox 120 2099 1298 2498">
     <span class='ocr_line' id='line_1_17' title="bbox 214 2099 1295 2196; baseline 0.001 -16"><span class='ocrx_word' id='word_1_135' title='bbox 214 2117 479 2196; x_wconf 83' lang='lat' dir='ltr'><strong>Msgdeburgenses</strong></span> <span class='ocrx_word' id='word_1_136' title='bbox 503 2099 685 2182; x_wconf 80' lang='lat' dir='ltr'><strong>excursiones</strong></span> <span class='ocrx_word' id='word_1_137' title='bbox 708 2129 809 2183; x_wconf 82' lang='lat' dir='ltr'><strong>centm</strong></span> <span class='ocrx_word' id='word_1_138' title='bbox 830 2123 989 2183; x_wconf 89' lang='lat' dir='ltr'><strong>Henricum</strong></span> <span class='ocrx_word' id='word_1_139' title='bbox 1008 2122 1221 2195; x_wconf 82' lang='lat' dir='ltr'><strong>Brunschuigae</strong></span> <span class='ocrx_word' id='word_1_140' title='bbox 1243 2121 1295 2182; x_wconf 89' lang='lat' dir='ltr'><strong>du·</strong></span> 
     </span>
     <span class='ocr_line' id='line_1_18' title="bbox 120 2224 1297 2302; baseline 0.002 -17"><span class='ocrx_word' id='word_1_141' title='bbox 120 2243 187 2286; x_wconf 90' lang='lat' dir='ltr'><strong>cem</strong></span> <span class='ocrx_word' id='word_1_142' title='bbox 202 2229 345 2287; x_wconf 90' lang='lat' dir='ltr'><strong>seniorem</strong></span> <span class='ocrx_word' id='word_1_143' title='bbox 359 2224 460 2286; x_wconf 86' lang='lat' dir='ltr'><strong>fecisse</strong></span> <span class='ocrx_word' id='word_1_144' title='bbox 475 2226 618 2286; x_wconf 90' lang='lat' dir='ltr'><strong>dicuntur.</strong></span> <span class='ocrx_word' id='word_1_145' title='bbox 656 2227 690 2285; x_wconf 91' lang='lat' dir='ltr'><strong>In</strong></span> <span class='ocrx_word' id='word_1_146' title='bbox 705 2228 801 2288; x_wconf 89' lang='lat' dir='ltr'><strong>Misna</strong></span> <span class='ocrx_word' id='word_1_147' title='bbox 814 2229 886 2288; x_wconf 91' lang='lat' dir='ltr'><strong>urbe</strong></span> <span class='ocrx_word' id='word_1_148' title='bbox 900 2229 953 2302; x_wconf 84' lang='lat' dir='ltr'><strong>pei</strong></span> <span class='ocrx_word' id='word_1_149' title='bbox 967 2228 1068 2287; x_wconf 84' lang='lat' dir='ltr'><strong>ducein</strong></span> <span class='ocrx_word' id='word_1_150' title='bbox 1083 2227 1253 2286; x_wconf 86' lang='lat' dir='ltr'><strong>Mauritium</strong></span> <span class='ocrx_word' id='word_1_151' title='bbox 1268 2232 1297 2287; x_wconf 91' lang='lat' dir='ltr'><strong>et</strong></span> 
     </span>
     <span class='ocr_line' id='line_1_19' title="bbox 120 2329 1298 2408; baseline -0.002 -16"><span class='ocrx_word' id='word_1_152' title='bbox 120 2337 218 2392; x_wconf 87' lang='lat' dir='ltr'><strong>status</strong></span> <span class='ocrx_word' id='word_1_153' title='bbox 246 2329 384 2396; x_wconf 88' lang='lat' dir='ltr'><strong>ditionum</strong></span> <span class='ocrx_word' id='word_1_154' title='bbox 408 2349 523 2392; x_wconf 85' lang='lat' dir='ltr'><strong>suarum</strong></span> <span class='ocrx_word' id='word_1_155' title='bbox 548 2332 663 2391; x_wconf 88' lang='lat' dir='ltr'><strong>comitia</strong></span> <span class='ocrx_word' id='word_1_156' title='bbox 688 2332 831 2393; x_wconf 85' lang='lat' dir='ltr'><strong>habentur</strong></span> <span class='ocrx_word' id='word_1_157' title='bbox 851 2349 937 2408; x_wconf 91' lang='lat' dir='ltr'><strong>super</strong></span> <span class='ocrx_word' id='word_1_158' title='bbox 961 2329 1126 2407; x_wconf 85' lang='lat' dir='ltr'><strong>receptione</strong></span> <span class='ocrx_word' id='word_1_159' title='bbox 1152 2329 1298 2390; x_wconf 87' lang='lat' dir='ltr'><strong>maledieti</strong></span> 
     </span>
     <span class='ocr_line' id='line_1_20' title="bbox 120 2437 1053 2498; baseline 0 -1"><span class='ocrx_word' id='word_1_160' title='bbox 120 2437 249 2498; x_wconf 89' lang='lat' dir='ltr'><strong>interim.</strong></span> <span class='ocrx_word' id='word_1_161' title='bbox 1048 2437 1053 2440; x_wconf 84' lang='grc'><strong>’</strong></span> 
     </span>
    </p>

    <p class='ocr_par' dir='ltr' id='par_1_8' title="bbox 215 2542 707 2624">
     <span class='ocr_line' id='line_1_21' title="bbox 215 2542 707 2624; baseline 0 -22"><span class='ocrx_word' id='word_1_162' title='bbox 215 2542 275 2602; x_wconf 91' lang='lat' dir='ltr'><strong>Sub</strong></span> <span class='ocrx_word' id='word_1_163' title='bbox 289 2549 401 2602; x_wconf 91' lang='lat' dir='ltr'><strong>noctem</strong></span> <span class='ocrx_word' id='word_1_164' title='bbox 417 2543 525 2604; x_wconf 83' lang='lat' dir='ltr'><strong>balneis</strong></span> <span class='ocrx_word' id='word_1_165' title='bbox 536 2545 586 2604; x_wconf 86' lang='lat' dir='ltr'><strong>nsi</strong></span> <span class='ocrx_word' id='word_1_166' title='bbox 601 2560 707 2624; x_wconf 64' lang='lat' dir='ltr'><strong>snmus,</strong></span> 
     </span>
    </p>

    <p class='ocr_par' dir='ltr' id='par_1_9' title="bbox 120 2645 1297 3039">
     <span class='ocr_line' id='line_1_22' title="bbox 214 2645 1294 2724; baseline -0.003 -16"><span class='ocrx_word' id='word_1_167' title='bbox 214 2647 401 2723; x_wconf 85' lang='lat' dir='ltr'><strong>Wildeniels‚</strong></span> <span class='ocrx_word' id='word_1_168' title='bbox 416 2649 569 2724; x_wconf 85' lang='lat' dir='ltr'><strong>Remberg‚</strong></span> <span class='ocrx_word' id='word_1_169' title='bbox 590 2648 804 2708; x_wconf 88' lang='lat' dir='ltr'><strong>Schenkirchcn</strong></span> <span class='ocrx_word' id='word_1_170' title='bbox 819 2663 900 2707; x_wconf 88' lang='lat' dir='ltr'><strong>arces</strong></span> <span class='ocrx_word' id='word_1_171' title='bbox 915 2653 981 2707; x_wconf 89' lang='lat' dir='ltr'><strong>sunt</strong></span> <span class='ocrx_word' id='word_1_172' title='bbox 995 2647 1175 2707; x_wconf 87' lang='lat' dir='ltr'><strong>dominorum</strong></span> <span class='ocrx_word' id='word_1_173' title='bbox 1189 2664 1208 2707; x_wconf 91' lang='lat' dir='ltr'><strong>a</strong></span> <span class='ocrx_word' id='word_1_174' title='bbox 1222 2645 1294 2706; x_wconf 88' lang='lat' dir='ltr'><strong>Wil-</strong></span> 
     </span>
     <span class='ocr_line' id='line_1_23' title="bbox 121 2749 1297 2828; baseline -0.001 -16"><span class='ocrx_word' id='word_1_175' title='bbox 121 2749 245 2827; x_wconf 83' lang='lat' dir='ltr'><strong>denfels,</strong></span> <span class='ocrx_word' id='word_1_176' title='bbox 263 2768 317 2812; x_wconf 90' lang='lat' dir='ltr'><strong>nec</strong></span> <span class='ocrx_word' id='word_1_177' title='bbox 331 2755 383 2812; x_wconf 90' lang='lat' dir='ltr'><strong>ulli</strong></span> <span class='ocrx_word' id='word_1_178' title='bbox 396 2753 481 2818; x_wconf 87' lang='lat' dir='ltr'><strong>medo</strong></span> <span class='ocrx_word' id='word_1_179' title='bbox 501 2759 567 2812; x_wconf 91' lang='lat' dir='ltr'><strong>sunt</strong></span> <span class='ocrx_word' id='word_1_180' title='bbox 586 2752 706 2813; x_wconf 88' lang='lat' dir='ltr'><strong>heredes</strong></span> <span class='ocrx_word' id='word_1_181' title='bbox 729 2754 813 2828; x_wconf 75' lang='lat' dir='ltr'><strong>huius</strong></span> <span class='ocrx_word' id='word_1_182' title='bbox 829 2754 961 2814; x_wconf 84' lang='lat' dir='ltr'><strong>dinostiae</strong></span> <span class='ocrx_word' id='word_1_183' title='bbox 976 2758 1084 2826; x_wconf 85' lang='lat' dir='ltr'><strong>praeter</strong></span> <span class='ocrx_word' id='word_1_184' title='bbox 1097 2753 1253 2812; x_wconf 88' lang='lat' dir='ltr'><strong>Heuricum</strong></span> <span class='ocrx_word' id='word_1_185' title='bbox 1267 2757 1297 2810; x_wconf 93' lang='lat' dir='ltr'><strong>ct</strong></span> 
     </span>
     <span class='ocr_line' id='line_1_24' title="bbox 120 2845 1295 2934; baseline 0 -18"><span class='ocrx_word' id='word_1_186' title='bbox 120 2873 254 2918; x_wconf 89' lang='lat' dir='ltr'><strong>sorerem</strong></span> <span class='ocrx_word' id='word_1_187' title='bbox 275 2860 337 2932; x_wconf 86' lang='lat' dir='ltr'><strong>ejus</strong></span> <span class='ocrx_word' id='word_1_188' title='bbox 356 2859 563 2934; x_wconf 84' lang='lat' dir='ltr'><strong>Margaretam.</strong></span> <span class='ocrx_word' id='word_1_189' title='bbox 601 2859 698 2918; x_wconf 86' lang='lat' dir='ltr'><strong>Mater</strong></span> <span class='ocrx_word' id='word_1_190' title='bbox 719 2873 818 2918; x_wconf 87' lang='lat' dir='ltr'><strong>cerum</strong></span> <span class='ocrx_word' id='word_1_191' title='bbox 834 2845 923 2918; x_wconf 60' lang='lat' dir='ltr'><strong>&#39;soror</strong></span> <span class='ocrx_word' id='word_1_192' title='bbox 946 2863 990 2918; x_wconf 89' lang='lat' dir='ltr'><strong>est</strong></span> <span class='ocrx_word' id='word_1_193' title='bbox 1009 2859 1131 2919; x_wconf 88' lang='lat' dir='ltr'><strong>Jeannis</strong></span> <span class='ocrx_word' id='word_1_194' title='bbox 1152 2858 1295 2920; x_wconf 84' lang='lat' dir='ltr'><strong>comitisa</strong></span> 
     </span>
     <span class='ocr_line' id='line_1_25' title="bbox 121 2961 952 3039; baseline 0 -17"><span class='ocrx_word' id='word_1_195' title='bbox 121 2961 263 3023; x_wconf 85' lang='lat' dir='ltr'><strong>Gleichen</strong></span> <span class='ocrx_word' id='word_1_196' title='bbox 274 2965 336 3038; x_wconf 89' lang='lat' dir='ltr'><strong>jam</strong></span> <span class='ocrx_word' id='word_1_197' title='bbox 351 2963 492 3039; x_wconf 82' lang='lat' dir='ltr'><strong>defuncti,</strong></span> <span class='ocrx_word' id='word_1_198' title='bbox 509 2965 576 3023; x_wconf 93' lang='lat' dir='ltr'><strong>olim</strong></span> <span class='ocrx_word' id='word_1_199' title='bbox 590 2964 727 3024; x_wconf 87' lang='lat' dir='ltr'><strong>Rembdoe</strong></span> <span class='ocrx_word' id='word_1_200' title='bbox 743 2963 952 3023; x_wconf 88' lang='lat' dir='ltr'><strong>commorantis.</strong></span> 
     </span>
    </p>

    <p class='ocr_par' dir='ltr' id='par_1_10' title="bbox 121 3065 1295 3249">
     <span class='ocr_line' id='line_1_26' title="bbox 212 3065 1295 3143; baseline 0 -15"><span class='ocrx_word' id='word_1_201' title='bbox 212 3069 324 3129; x_wconf 87' lang='lat' dir='ltr'><strong>Eadem</strong></span> <span class='ocrx_word' id='word_1_202' title='bbox 340 3070 416 3129; x_wconf 87' lang='lat' dir='ltr'><strong>aedes</strong></span> <span class='ocrx_word' id='word_1_203' title='bbox 430 3069 543 3130; x_wconf 64' lang='lat' dir='ltr'><strong>eilberti</strong></span> <span class='ocrx_word' id='word_1_204' title='bbox 562 3069 704 3129; x_wconf 84' lang='lat' dir='ltr'><strong>Draconis</strong></span> <span class='ocrx_word' id='word_1_205' title='bbox 723 3069 869 3130; x_wconf 82' lang='lat' dir='ltr'><strong>irrisimus</strong></span> <span class='ocrx_word' id='word_1_206' title='bbox 890 3076 919 3130; x_wconf 92' lang='lat' dir='ltr'><strong>et</strong></span> <span class='ocrx_word' id='word_1_207' title='bbox 933 3083 1061 3130; x_wconf 88' lang='lat' dir='ltr'><strong>museum</strong></span> <span class='ocrx_word' id='word_1_208' title='bbox 1081 3069 1142 3143; x_wconf 84' lang='lat' dir='ltr'><strong>ejus</strong></span> <span class='ocrx_word' id='word_1_209' title='bbox 1156 3065 1295 3129; x_wconf 87' lang='lat' dir='ltr'><strong>librorum</strong></span> 
     </span>
     <span class='ocr_line' id='line_1_27' title="bbox 121 3174 774 3249; baseline -0.005 -15"><span class='ocrx_word' id='word_1_210' title='bbox 121 3175 207 3249; x_wconf 91' lang='lat' dir='ltr'><strong>copia</strong></span> <span class='ocrx_word' id='word_1_211' title='bbox 221 3174 312 3249; x_wconf 92' lang='lat' dir='ltr'><strong>probe</strong></span> <span class='ocrx_word' id='word_1_212' title='bbox 327 3177 496 3235; x_wconf 77' lang='lat' dir='ltr'><strong>inruentum</strong></span> <span class='ocrx_word' id='word_1_213' title='bbox 512 3175 680 3234; x_wconf 85' lang='lat' dir='ltr'><strong>invenimus.</strong></span> <span class='ocrx_word' id='word_1_214' title='bbox 771 3215 774 3220; x_wconf 85' lang='grc'><strong>-</strong></span> 
     </span>
    </p>

    <p class='ocr_par' dir='ltr' id='par_1_11' title="bbox 212 3279 1294 3353">
     <span class='ocr_line' id='line_1_28' title="bbox 212 3279 1294 3353; baseline -0.002 -14"><span class='ocrx_word' id='word_1_215' title='bbox 212 3279 261 3353; x_wconf 83' lang='lat' dir='ltr'><strong>viij</strong></span> <span class='ocrx_word' id='word_1_216' title='bbox 277 3279 347 3339; x_wconf 83' lang='lat' dir='ltr'><strong>Julii</strong></span> <span class='ocrx_word' id='word_1_217' title='bbox 363 3280 477 3339; x_wconf 86' lang='lat' dir='ltr'><strong>circiter</strong></span> <span class='ocrx_word' id='word_1_218' title='bbox 491 3281 641 3353; x_wconf 78' lang='lat' dir='ltr'><strong>septimam</strong></span> <span class='ocrx_word' id='word_1_219' title='bbox 660 3279 776 3340; x_wconf 85' lang='lat' dir='ltr'><strong>demine</strong></span> <span class='ocrx_word' id='word_1_220' title='bbox 796 3297 895 3342; x_wconf 88' lang='lat' dir='ltr'><strong>socrus</strong></span> <span class='ocrx_word' id='word_1_221' title='bbox 916 3281 990 3342; x_wconf 84' lang='lat' dir='ltr'><strong>filas</strong></span> <span class='ocrx_word' id='word_1_222' title='bbox 1006 3281 1129 3342; x_wconf 87' lang='lat' dir='ltr'><strong>Jeannis</strong></span> <span class='ocrx_word' id='word_1_223' title='bbox 1144 3279 1262 3339; x_wconf 84' lang='lat' dir='ltr'><strong>Hernici</strong></span> <span class='ocrx_word' id='word_1_224' title='bbox 1276 3293 1294 3337; x_wconf 87' lang='lat' dir='ltr'><strong>a</strong></span> 
     </span>
    </p>
   </div>
   <div class='ocr_carea' id='block_1_3' title="bbox 2 3383 832 3459">
    <p class='ocr_par' dir='ltr' id='par_1_12' title="bbox 2 3383 832 3459">
     <span class='ocr_line' id='line_1_29' title="bbox 2 3383 832 3459; baseline 0.002 -15"><span class='ocrx_word' id='word_1_225' title='bbox 2 3395 3 3420; x_wconf 79' lang='lat'><em>³</em></span> <span class='ocrx_word' id='word_1_226' title='bbox 122 3383 376 3458; x_wconf 79' lang='lat' dir='ltr'><strong>Schwartnenbcrg</strong></span> <span class='ocrx_word' id='word_1_227' title='bbox 390 3385 421 3443; x_wconf 92' lang='lat' dir='ltr'><strong>in</strong></span> <span class='ocrx_word' id='word_1_228' title='bbox 436 3384 699 3459; x_wconf 85' lang='lat' dir='ltr'><strong>Leuchtenbergam</strong></span> <span class='ocrx_word' id='word_1_229' title='bbox 714 3386 832 3446; x_wconf 87' lang='lat' dir='ltr'><strong>remisit.</strong></span> 
     </span>
    </p>
   </div>
   <div class='ocr_carea' id='block_1_4' title="bbox 2 3475 1293 3668">
    <p class='ocr_par' dir='ltr' id='par_1_13' title="bbox 2 3475 1293 3668">
     <span class='ocr_line' id='line_1_30' title="bbox 2 3475 1293 3574; baseline -0.005 -25"><span class='ocrx_word' id='word_1_230' title='bbox 2 3551 3 3574; x_wconf 22' lang='grc' dir='ltr'><strong>ἶ</strong></span> <span class='ocrx_word' id='word_1_231' title='bbox 211 3489 323 3549; x_wconf 86' lang='lat' dir='ltr'><strong>Eadem</strong></span> <span class='ocrx_word' id='word_1_232' title='bbox 345 3505 443 3549; x_wconf 90' lang='lat' dir='ltr'><strong>socrus</strong></span> <span class='ocrx_word' id='word_1_233' title='bbox 458 3475 519 3549; x_wconf 72' lang='lat' dir='ltr'><strong>‘nes</strong></span> <span class='ocrx_word' id='word_1_234' title='bbox 534 3487 648 3564; x_wconf 89' lang='lat' dir='ltr'><strong>flagello</strong></span> <span class='ocrx_word' id='word_1_235' title='bbox 672 3488 803 3564; x_wconf 84' lang='lat' dir='ltr'><strong>donavit,</strong></span> <span class='ocrx_word' id='word_1_236' title='bbox 826 3491 857 3566; x_wconf 88' lang='lat' dir='ltr'><strong>in</strong></span> <span class='ocrx_word' id='word_1_237' title='bbox 871 3491 952 3562; x_wconf 90' lang='lat' dir='ltr'><strong>cujus</strong></span> <span class='ocrx_word' id='word_1_238' title='bbox 967 3489 1070 3564; x_wconf 86' lang='lat' dir='ltr'><strong>capulo</strong></span> <span class='ocrx_word' id='word_1_239' title='bbox 1085 3487 1237 3561; x_wconf 83' lang='lat' dir='ltr'><strong>clepsydra</strong></span> <span class='ocrx_word' id='word_1_240' title='bbox 1251 3485 1293 3544; x_wconf 91' lang='lat' dir='ltr'><strong>in·</strong></span> 
     </span>
     <span class='ocr_line' id='line_1_31' title="bbox 2 3593 1292 3668; baseline -0.002 -15"><span class='ocrx_word' id='word_1_241' title='bbox 2 3643 3 3658; x_wconf 68' lang='grc'>,</span> <span class='ocrx_word' id='word_1_242' title='bbox 121 3593 203 3653; x_wconf 89' lang='lat' dir='ltr'><strong>clusa</strong></span> <span class='ocrx_word' id='word_1_243' title='bbox 223 3599 268 3653; x_wconf 89' lang='lat' dir='ltr'><strong>est</strong></span> <span class='ocrx_word' id='word_1_244' title='bbox 290 3611 354 3653; x_wconf 89' lang='lat' dir='ltr'><strong>cum</strong></span> <span class='ocrx_word' id='word_1_245' title='bbox 379 3595 455 3654; x_wconf 89' lang='lat' dir='ltr'><strong>notis</strong></span> <span class='ocrx_word' id='word_1_246' title='bbox 474 3602 504 3656; x_wconf 89' lang='lat' dir='ltr'><strong>et</strong></span> <span class='ocrx_word' id='word_1_247' title='bbox 522 3595 662 3654; x_wconf 87' lang='lat' dir='ltr'><strong>divisione</strong></span> <span class='ocrx_word' id='word_1_248' title='bbox 688 3594 769 3653; x_wconf 86' lang='lat' dir='ltr'><strong>horse</strong></span> <span class='ocrx_word' id='word_1_249' title='bbox 789 3593 874 3653; x_wconf 91' lang='lat' dir='ltr'><strong>unius</strong></span> <span class='ocrx_word' id='word_1_250' title='bbox 893 3595 923 3652; x_wconf 92' lang='lat' dir='ltr'><strong>in</strong></span> <span class='ocrx_word' id='word_1_251' title='bbox 942 3598 1040 3667; x_wconf 80' lang='lat' dir='ltr'><strong>portes</strong></span> <span class='ocrx_word' id='word_1_252' title='bbox 1058 3597 1077 3652; x_wconf 84' lang='lat'>4</span> <span class='ocrx_word' id='word_1_253' title='bbox 1093 3598 1123 3653; x_wconf 93' lang='lat' dir='ltr'><strong>et</strong></span> <span class='ocrx_word' id='word_1_254' title='bbox 1137 3593 1234 3668; x_wconf 87' lang='lat' dir='ltr'><strong>lignee</strong></span> <span class='ocrx_word' id='word_1_255' title='bbox 1247 3595 1292 3650; x_wconf 86' lang='lat' dir='ltr'><strong>ta·</strong></span> 
     </span>
    </p>
   </div>
   <div class='ocr_carea' id='block_1_5' title="bbox 2 3697 1294 3779">
    <p class='ocr_par' dir='ltr' id='par_1_14' title="bbox 2 3697 1294 3779">
     <span class='ocr_line' id='line_1_32' title="bbox 2 3697 1294 3779; baseline -0.005 -17"><span class='ocrx_word' id='word_1_256' title='bbox 2 3737 3 3762; x_wconf 57' lang='lat' dir='ltr'><strong>t</strong></span> <span class='ocrx_word' id='word_1_257' title='bbox 121 3697 229 3758; x_wconf 89' lang='lat' dir='ltr'><strong>bellula</strong></span> <span class='ocrx_word' id='word_1_258' title='bbox 243 3701 362 3774; x_wconf 84' lang='lat' dir='ltr'><strong>paginas</strong></span> <span class='ocrx_word' id='word_1_259' title='bbox 376 3700 500 3762; x_wconf 77' lang='lat' dir='ltr'><strong>habente</strong></span> <span class='ocrx_word' id='word_1_260' title='bbox 515 3705 588 3759; x_wconf 89' lang='lat' dir='ltr'><strong>octo.</strong></span> <span class='ocrx_word' id='word_1_261' title='bbox 622 3699 693 3758; x_wconf 87' lang='lat' dir='ltr'><strong>Haec</strong></span> <span class='ocrx_word' id='word_1_262' title='bbox 707 3713 827 3756; x_wconf 88' lang='lat' dir='ltr'><strong>munere</strong></span> <span class='ocrx_word' id='word_1_263' title='bbox 841 3701 935 3760; x_wconf 89' lang='lat' dir='ltr'><strong>socrui</strong></span> <span class='ocrx_word' id='word_1_264' title='bbox 950 3699 1077 3779; x_wconf 76' lang='lat' dir='ltr'><strong>J&#39;osnnes</strong></span> <span class='ocrx_word' id='word_1_265' title='bbox 1092 3697 1294 3759; x_wconf 88' lang='lat' dir='ltr'><strong>Wilhelmusa</strong></span> 
     </span>
    </p>
   </div>
   <div class='ocr_carea' id='block_1_6' title="bbox 2 3791 1294 4091">
    <p class='ocr_par' dir='ltr' id='par_1_15' title="bbox 2 3791 1294 4091">
     <span class='ocr_line' id='line_1_33' title="bbox 2 3791 1294 3881; baseline -0.001 -19"><span class='ocrx_word' id='word_1_266' title='bbox 2 3791 3 3816; x_wconf 63' lang='lat'>¹</span> <span class='ocrx_word' id='word_1_267' title='bbox 121 3803 219 3863; x_wconf 84' lang='lat' dir='ltr'><strong>Fuchs</strong></span> <span class='ocrx_word' id='word_1_268' title='bbox 234 3820 270 3863; x_wconf 87' lang='lat' dir='ltr'><strong>ex</strong></span> <span class='ocrx_word' id='word_1_269' title='bbox 285 3805 408 3879; x_wconf 87' lang='lat' dir='ltr'><strong>Turgau</strong></span> <span class='ocrx_word' id='word_1_270' title='bbox 424 3805 491 3864; x_wconf 90' lang='lat' dir='ltr'><strong>dum</strong></span> <span class='ocrx_word' id='word_1_271' title='bbox 505 3821 633 3865; x_wconf 91' lang='lat' dir='ltr'><strong>museum</strong></span> <span class='ocrx_word' id='word_1_272' title='bbox 655 3804 816 3879; x_wconf 87' lang='lat' dir='ltr'><strong>principum</strong></span> <span class='ocrx_word' id='word_1_273' title='bbox 832 3804 965 3865; x_wconf 82' lang='lat' dir='ltr'><strong>Saxoniee</strong></span> <span class='ocrx_word' id='word_1_274' title='bbox 981 3805 1186 3880; x_wconf 83' lang='lat' dir='ltr'><strong>expelleretur,</strong></span> <span class='ocrx_word' id='word_1_275' title='bbox 1203 3801 1294 3881; x_wconf 87' lang='lat' dir='ltr'><strong>(quod</strong></span> 
     </span>
     <span class='ocr_line' id='line_1_34' title="bbox 2 3908 1293 3992; baseline -0.001 -26"><span class='ocrx_word' id='word_1_276' title='bbox 2 3969 3 3992; x_wconf 15' lang='grc' dir='ltr'>χ</span> <span class='ocrx_word' id='word_1_277' title='bbox 122 3923 250 3968; x_wconf 88' lang='lat' dir='ltr'><strong>museum</strong></span> <span class='ocrx_word' id='word_1_278' title='bbox 277 3908 352 3968; x_wconf 88' lang='lat' dir='ltr'><strong>idern</strong></span> <span class='ocrx_word' id='word_1_279' title='bbox 373 3909 542 3970; x_wconf 86' lang='lat' dir='ltr'><strong>Wilhclmus</strong></span> <span class='ocrx_word' id='word_1_280' title='bbox 573 3910 664 3969; x_wconf 89' lang='lat' dir='ltr'><strong>nobili</strong></span> <span class='ocrx_word' id='word_1_281' title='bbox 692 3909 869 3983; x_wconf 87' lang='lat' dir='ltr'><strong>supellectile</strong></span> <span class='ocrx_word' id='word_1_282' title='bbox 891 3914 921 3970; x_wconf 90' lang='lat' dir='ltr'><strong>et</strong></span> <span class='ocrx_word' id='word_1_283' title='bbox 945 3913 1135 3971; x_wconf 85' lang='lat' dir='ltr'><strong>monumentis</strong></span> <span class='ocrx_word' id='word_1_284' title='bbox 1163 3908 1293 3983; x_wconf 87' lang='lat' dir='ltr'><strong>principe</strong></span> 
     </span>
     <span class='ocr_line' id='line_1_35' title="bbox 2 4007 1292 4091; baseline 0 -20"><span class='ocrx_word' id='word_1_285' title='bbox 2 4007 3 4014; x_wconf 72' lang='grc'>’</span> <span class='ocrx_word' id='word_1_286' title='bbox 122 4012 216 4089; x_wconf 84' lang='lat' dir='ltr'><strong>dignis</strong></span> <span class='ocrx_word' id='word_1_287' title='bbox 227 4017 402 4074; x_wconf 86' lang='lat' dir='ltr'><strong>instructum</strong></span> <span class='ocrx_word' id='word_1_288' title='bbox 416 4013 505 4074; x_wconf 84' lang='lat' dir='ltr'><strong>inisse</strong></span> <span class='ocrx_word' id='word_1_289' title='bbox 521 4021 550 4075; x_wconf 89' lang='lat' dir='ltr'><strong>et</strong></span> <span class='ocrx_word' id='word_1_290' title='bbox 566 4015 745 4089; x_wconf 86' lang='lat' dir='ltr'><strong>singulaene</strong></span> <span class='ocrx_word' id='word_1_291' title='bbox 761 4017 862 4076; x_wconf 88' lang='lat' dir='ltr'><strong>ordine</strong></span> <span class='ocrx_word' id='word_1_292' title='bbox 876 4017 920 4076; x_wconf 87' lang='lat' dir='ltr'><strong>ita</strong></span> <span class='ocrx_word' id='word_1_293' title='bbox 933 4017 1080 4091; x_wconf 83' lang='lat' dir='ltr'><strong>disposita,</strong></span> <span class='ocrx_word' id='word_1_294' title='bbox 1096 4015 1205 4088; x_wconf 85' lang='lat' dir='ltr'><strong>etipse</strong></span> <span class='ocrx_word' id='word_1_295' title='bbox 1221 4012 1292 4072; x_wconf 91' lang='lat' dir='ltr'><strong>ordo</strong></span> 
     </span>
    </p>
   </div>
   <div class='ocr_carea' id='block_1_7' title="bbox 0 4208 2 4853">
    <p class='ocr_par' dir='ltr' id='par_1_16' title="bbox 0 4208 2 4853">
     <span class='ocr_line' id='line_1_36' title="bbox 0 4208 2 4853; baseline 0 0"><span class='ocrx_word' id='word_1_296' title='bbox 0 4208 2 4853; x_wconf 95' lang='lat' dir='ltr'><strong> </strong></span> 
     </span>
    </p>
   </div>
   <div class='ocr_carea' id='block_1_8' title="bbox 121 4117 1293 4514">
    <p class='ocr_par' dir='ltr' id='par_1_17' title="bbox 121 4117 1293 4514">
     <span class='ocr_line' id='line_1_37' title="bbox 121 4117 1291 4197; baseline -0.001 -19"><span class='ocrx_word' id='word_1_297' title='bbox 121 4120 280 4195; x_wconf 82' lang='lat' dir='ltr'><strong>principem·</strong></span> <span class='ocrx_word' id='word_1_298' title='bbox 295 4122 420 4180; x_wconf 86' lang='lat' dir='ltr'><strong>animum</strong></span> <span class='ocrx_word' id='word_1_299' title='bbox 435 4118 598 4194; x_wconf 87' lang='lat' dir='ltr'><strong>significare</strong></span> <span class='ocrx_word' id='word_1_300' title='bbox 612 4119 909 4197; x_wconf 62' lang='lat' dir='ltr'><strong>rideretur‚&#39;dixerat)</strong></span> <span class='ocrx_word' id='word_1_301' title='bbox 925 4122 1020 4181; x_wconf 90' lang='lat' dir='ltr'><strong>socrui</strong></span> <span class='ocrx_word' id='word_1_302' title='bbox 1035 4137 1071 4179; x_wconf 90' lang='lat' dir='ltr'><strong>ex</strong></span> <span class='ocrx_word' id='word_1_303' title='bbox 1084 4117 1226 4178; x_wconf 88' lang='lat' dir='ltr'><strong>manubiis</strong></span> <span class='ocrx_word' id='word_1_304' title='bbox 1241 4117 1291 4177; x_wconf 90' lang='lat' dir='ltr'><strong>de·</strong></span> 
     </span>
     <span class='ocr_line' id='line_1_38' title="bbox 122 4223 1293 4300; baseline 0.001 -18"><span class='ocrx_word' id='word_1_305' title='bbox 122 4223 212 4286; x_wconf 85' lang='lat' dir='ltr'><strong>derat.</strong></span> <span class='ocrx_word' id='word_1_306' title='bbox 237 4224 349 4285; x_wconf 85' lang='lat' dir='ltr'><strong>Tabula</strong></span> <span class='ocrx_word' id='word_1_307' title='bbox 364 4231 457 4286; x_wconf 88' lang='lat' dir='ltr'><strong>eutem</strong></span> <span class='ocrx_word' id='word_1_308' title='bbox 472 4226 533 4284; x_wconf 85' lang='lat' dir='ltr'><strong>haec</strong></span> <span class='ocrx_word' id='word_1_309' title='bbox 548 4227 648 4300; x_wconf 87' lang='lat' dir='ltr'><strong>agnita</strong></span> <span class='ocrx_word' id='word_1_310' title='bbox 668 4231 712 4286; x_wconf 89' lang='lat' dir='ltr'><strong>est</strong></span> <span class='ocrx_word' id='word_1_311' title='bbox 734 4225 822 4287; x_wconf 86' lang='lat' dir='ltr'><strong>luisse</strong></span> <span class='ocrx_word' id='word_1_312' title='bbox 836 4228 957 4287; x_wconf 76' lang='lat' dir='ltr'><strong>loannis</strong></span> <span class='ocrx_word' id='word_1_313' title='bbox 972 4227 1056 4300; x_wconf 88' lang='lat' dir='ltr'><strong>hujus</strong></span> <span class='ocrx_word' id='word_1_314' title='bbox 1071 4227 1095 4284; x_wconf 94' lang='lat' dir='ltr'><strong>I.</strong></span> <span class='ocrx_word' id='word_1_315' title='bbox 1111 4225 1145 4283; x_wconf 86' lang='lat' dir='ltr'><strong>F.</strong></span> <span class='ocrx_word' id='word_1_316' title='bbox 1161 4223 1293 4284; x_wconf 87' lang='lat' dir='ltr'><strong>electoris</strong></span> 
     </span>
     <span class='ocr_line' id='line_1_39' title="bbox 122 4330 1293 4420; baseline -0.003 -30"><span class='ocrx_word' id='word_1_317' title='bbox 122 4332 212 4404; x_wconf 88' lang='lat' dir='ltr'><strong>patris</strong></span> <span class='ocrx_word' id='word_1_318' title='bbox 226 4332 414 4420; x_wconf 73' lang='lat' dir='ltr'><strong>illustrissimi</strong></span> <span class='ocrx_word' id='word_1_319' title='bbox 424 4336 608 4404; x_wconf 85' lang='lat' dir='ltr'><strong>etnunqucm</strong></span> <span class='ocrx_word' id='word_1_320' title='bbox 623 4335 693 4391; x_wconf 86' lang='lat' dir='ltr'><strong>sctis</strong></span> <span class='ocrx_word' id='word_1_321' title='bbox 709 4333 848 4392; x_wconf 88' lang='lat' dir='ltr'><strong>laudandi</strong></span> <span class='ocrx_word' id='word_1_322' title='bbox 856 4331 941 4393; x_wconf 86' lang='lat' dir='ltr'><strong>modo</strong></span> <span class='ocrx_word' id='word_1_323' title='bbox 951 4330 1058 4407; x_wconf 84' lang='lat' dir='ltr'><strong>ceptiri</strong></span> <span class='ocrx_word' id='word_1_324' title='bbox 1072 4331 1102 4388; x_wconf 92' lang='lat' dir='ltr'><strong>in</strong></span> <span class='ocrx_word' id='word_1_325' title='bbox 1117 4331 1198 4404; x_wconf 88' lang='lat' dir='ltr'><strong>cujus</strong></span> <span class='ocrx_word' id='word_1_326' title='bbox 1213 4331 1293 4405; x_wconf 86' lang='lat' dir='ltr'><strong>pagi-</strong></span> 
     </span>
     <span class='ocr_line' id='line_1_40' title="bbox 121 4423 1293 4514; baseline -0.002 -18"><span class='ocrx_word' id='word_1_327' title='bbox 121 4437 163 4496; x_wconf 88' lang='lat' dir='ltr'><strong>nis</strong></span> <span class='ocrx_word' id='word_1_328' title='bbox 178 4453 232 4499; x_wconf 87' lang='lat' dir='ltr'><strong>sne</strong></span> <span class='ocrx_word' id='word_1_329' title='bbox 247 4434 412 4514; x_wconf 83' lang='lat' dir='ltr'><strong>syngrapha</strong></span> <span class='ocrx_word' id='word_1_330' title='bbox 433 4437 584 4498; x_wconf 86' lang='lat' dir='ltr'><strong>conciones</strong></span> <span class='ocrx_word' id='word_1_331' title='bbox 600 4437 711 4511; x_wconf 83' lang='lat' dir='ltr'><strong>aliquot</strong></span> <span class='ocrx_word' id='word_1_332' title='bbox 732 4442 893 4512; x_wconf 80' lang='lat' dir='ltr'><strong>exceperat.</strong></span> <span class='ocrx_word' id='word_1_333' title='bbox 923 4437 1045 4498; x_wconf 81' lang='lat' dir='ltr'><strong>Nam-iu</strong></span> <span class='ocrx_word' id='word_1_334' title='bbox 1058 4433 1237 4512; x_wconf 82' lang='lat' dir='ltr'><strong>frontispicio</strong></span> <span class='ocrx_word' id='word_1_335' title='bbox 1252 4423 1293 4494; x_wconf 83' lang='lat' dir='ltr'><strong>sic</strong></span> 
     </span>
    </p>
   </div>
   <div class='ocr_carea' id='block_1_9' title="bbox 0 0 1488 4900">
    <p class='ocr_par' dir='ltr' id='par_1_18' title="bbox 0 0 1488 4900">
     <span class='ocr_line' id='line_1_41' title="bbox 0 0 1488 4900; baseline 0 0"><span class='ocrx_word' id='word_1_336' title='bbox 0 0 1488 4900; x_wconf 95' lang='lat' dir='ltr'><strong> </strong></span> 
     </span>
    </p>
   </div>
  </div>
 </body>
</html>
