2966 4900
678 313 760 383 '213

73 585 83 606 -.
130 491 258 562 meticos
274 507 305 560 et
321 501 477 576 papisticos
499 499 623 560 insultus
644 506 806 576 conservet,
833 503 913 577 cnjus
928 503 958 562 iu
973 510 1074 566 nostra
1087 507 1185 584 lingua
1200 510 1312 570 initium

131 612 199 667 est:
224 606 329 667 Erhalt
343 623 432 667 vnnsz
446 606 524 665 Herr
538 607 585 666 bei
600 605 713 666 deinem
727 607 821 667 Wort.

228 711 256 770 A
271 712 406 771 concione
421 710 587 770 volebamus
601 711 760 784 Rotgerum
775 711 837 771 auti
849 713 901 772 der
915 713 1014 790 Burgk
1030 720 1193 792 convenire,
1213 735 1311 779 verum

128 816 247 876 familia
262 818 415 877 simulabat
431 831 502 876 'eum
524 815 608 875 domo
631 816 741 876 abesse.
780 818 886 877 Postea
906 826 1002 880 autem
1018 823 1210 898 cognovimus,
1234 825 1310 897 quod

127 924 227 996 ipsius
251 922 410 982 absentiam
430 903 616 995 abnegarint,
641 922 672 979 in
690 937 778 980 causa
800 919 902 998 fuisse,
924 924 1002 997 quod
1021 927 1180 1002 apoplexiae
1200 930 1309 1003 species

127 1027 270 1102 quaedam
287 1033 316 1087 et
331 1007 505 1102 corporiset
519 1027 607 1085 animi
621 1027 696 1086 vires
710 1027 788 1086 illius
803 1027 954 1088 obruisset.

225 1131 339 1191 Deinde
354 1132 432 1191 aedes
446 1123 616 1205 Hieronymi
627 1131 848 1204 Baumgartneri
862 1130 981 1208 adimus,
999 1137 1048 1208 qui
1062 1135 1129 1194 laeto
1145 1137 1239 1196 animo
1254 1155 1305 1196 nos

125 1237 229 1312 ipsum
251 1236 390 1296 adeuntes
411 1238 535 1312 excepit,
555 1253 589 1296 ac
607 1237 728 1296 invicem
750 1235 835 1295 alteri
855 1253 913 1296 non
933 1239 1025 1297 solum
1045 1241 1172 1314 privatas
1193 1249 1306 1302 nostras

127 1358 290 1416 aerumnas,
305 1342 356 1402 sed
371 1344 526 1402 communis
541 1342 643 1416 patriae
659 1339 819 1400 Germania
836 1359 949 1416 quoque
965 1347 1154 1418 exposuimus.
1178 1346 1306 1406 Vidimus

126 1463 255 1509 uxorem
270 1451 332 1522 ejus
348 1453 377 1507 et
391 1448 510 1522 llberos,
535 1463 655 1521 quorum
674 1451 782 1522 praeter
800 1449 914 1506 unicum
936 1447 1026 1507 filium
1046 1467 1227 1510 numerosum
1242 1468 1307 1525 pro·

128 1557 254 1612 ventum
267 1552 364 1628 hahet,
382 1555 524 1612 electurus
541 1554 655 1613 exilium
671 1553 696 1610 si
710 1553 787 1625 quod
801 1553 912 1626 asylum
926 1560 1049 1629 pateret,
1065 1557 1114 1615 ubi
1123 1556 1240 1614 veritati
1254 1556 1305 1614 ad-

126 1659 246 1718 haerere
261 1659 377 1733 impune
396 1660 505 1718 liceret.
544 1658 675 1733 Optimus
693 1659 742 1716 hic
763 1659 808 1716 vir
828 1659 944 1717 tertium
962 1658 1121 1734 Augustam
1141 1661 1305 1734 scripserat,

126 1764 347 1838 expiscatum,
373 1751 495 1844 quonam
518 1764 549 1821 in
573 1769 651 1823 statu
671 1779 718 1823 res
738 1779 809 1822 meae
825 1769 930 1823 essent.
967 1765 1015 1824 Ad
1034 1765 1120 1838 hujus
1134 1767 1189 1827 viri
1204 1781 1304 1824 manus

127 1867 235 1930 fideles
251 1869 476 1944 quadringentos
491 1869 618 1930 thaleros
633 1869 748 1944 reposui
762 1871 793 1928 in
808 1885 891 1928 usum
905 1871 1016 1944 negocii
1031 1869 1201 1945 Augustani.

222 1975 298 2034 Dum
309 1976 344 2033 in
357 1974 482 2048 hospitio
504 1976 535 2033 in
550 1975 670 2034 diarimn
692 1991 786 2034 meum
801 1976 896 2035 nescio
912 1992 976 2048 quae
992 1979 1124 2052 assigno,
1141 1982 1302 2051 opportune

126 2081 267 2142 Liborius
282 2081 368 2154 venit,
385 2081 435 2153 qui
449 2085 515 2153 post
529 2094 581 2138 nos
596 2079 726 2154 Augusta
742 2080 921 2142 discesserat.
952 2083 981 2140 Is
996 2083 1100 2155 omnia,
1124 2098 1187 2156 quae
1202 2082 1244 2141 ibi
1258 2099 1303 2142 ac·

7 2243 8 2248 ,
126 2186 277 2260 ciderunt,
300 2183 384 2244 nobis
404 2185 554 2260 indicavit,
569 2189 609 2244 et
630 2187 706 2246 inter
727 2193 823 2246 cetera
846 2187 922 2260 quod
945 2186 973 2246 d.
988 2188 1137 2264 Musculus
1152 2205 1170 2246 a
1184 2205 1303 2247 munere

128 2290 327 2350 ecclesiastico
342 2294 454 2348 amoma
470 2293 554 2348 esset.
602 2290 674 2348 Item
690 2291 767 2363 quod
782 2307 873 2349 caesar
886 2291 979 2350 trihus
995 2290 1039 2366 (ut
1053 2308 1129 2350 nnnc
1143 2294 1304 2352 militariter

124 2393 301 2470 loquuntur)
316 2395 482 2469 tegimentis
497 2394 624 2468 peditum
639 2400 706 2454 ante
721 2396 858 2468 palatium
878 2398 908 2456 in
924 2397 1048 2455 statione
1067 2398 1185 2456 armatis
1200 2399 1302 2456 stanti-

125 2501 219 2560 busa
241 2504 343 2559 senatu
355 2501 534 2574 'Augustano
555 2517 594 2559 an
616 2499 731 2559 interim
753 2500 800 2558 vel
819 2501 915 2575 potius
936 2503 1101 2574 operculum
1124 2501 1194 2560 illud
1214 2503 1302 2561 totius

124 2607 280 2682 papisticae
308 2608 460 2665 camerinae
486 2605 630 2679 suscipere
659 2603 765 2664 vellent
787 2620 825 2664 an
849 2621 944 2679 secus,
969 2620 1138 2679 responsum
1164 2607 1301 2678 exegerit,

126 2711 209 2784 quod
223 2707 251 2768 d.
267 2711 334 2770 Vito
357 2727 409 2785 per
424 2707 613 2769 Etzdorffium
633 2708 861 2783 significabamus
881 2725 916 2768 ac
938 2709 1057 2770 eundem
1073 2713 1172 2769 nostro
1187 2711 1301 2770 nomine

128 2815 253 2875 salutari
266 2830 301 2874 ac
314 2813 475 2874 valedicere
487 2815 634 2888 jussimus.
1142 2823 1143 2828 ’

219 2920 296 2979 Hala
312 2920 423 2980 Sueriae
438 2921 553 2980 interim
567 2922 678 2995 recepit
697 2921 788 2998 aesia
801 2920 974 2995 Hispanious
998 2922 1079 2980 miles
1093 2924 1243 2980 revocatus
1259 2927 1302 2980 est

127 3031 158 3085 et
174 3026 221 3104 (ut
237 3023 354 3100 dicitur)
376 3025 537 3100 Augustam
559 3031 685 3086 vocatus.
720 3025 777 3084 Sed
792 3025 863 3084 nihil
877 3025 1050 3085 Halensibus
1073 3026 1120 3084 hic
1134 3027 1219 3086 timor
1233 3043 1299 3100 pro-

6 3203 7 3206 ,
126 3128 192 3202 fuit,
209 3136 275 3204 post
288 3130 427 3205 pauculos
443 3130 504 3188 dies
519 3131 595 3190 Iberi
611 3147 660 3188 eos
681 3129 849 3190 inviserunt.
905 3187 909 3194 ,

6 3293 8 3328 ζ
221 3235 324 3294 Pransi
339 3233 428 3308 igitur
444 3251 540 3293 sumus
560 3236 694 3294 convivas
708 3236 847 3295 habentes
863 3222 984 3296 Paulum
1006 3236 1150 3296 Leitschir
1165 3243 1194 3296 et
1207 3237 1299 3296 Bava-

6 3381 7 3410 ,
127 3355 192 3398 rum
210 3340 360 3412 quendam.
399 3339 426 3396 A
446 3338 570 3413 prandio
590 3339 720 3400 Adriano
740 3329 807 3400 dedi
829 3342 956 3400 thaleros
983 3342 1120 3400 ducentos
1149 3345 1178 3398 et
1199 3342 1299 3412 viginti

6 3423 7 3478 ss
127 3427 217 3502 unum
233 3460 266 3504 ac
281 3443 496 3518 quatuordecim
517 3444 615 3504 batzos
630 3445 794 3518 Augustam
810 3442 992 3516 deferendos,
1014 3450 1047 3501 ut
1069 3447 1176 3502 catenae
1193 3459 1297 3515 aureae,

6 3595 7 3598 ι
127 3565 192 3622 quae
215 3550 246 3606 in
265 3549 368 3623 pignus
388 3553 601 3622 remanserant,
630 3548 848 3607 redimerentur.
895 3547 1015 3618 Accepit
1038 3563 1150 3618 quoque
1171 3547 1298 3618 quinque

6 3711 7 3736 2
127 3654 256 3712 thaleros
271 3655 302 3711 in
317 3654 452 3712 viaticum
475 3657 504 3711 et
525 3652 595 3710 duos
616 3653 641 3709 si
655 3649 729 3711 forte
749 3651 854 3723 hospes
869 3633 963 3710 foenus
979 3656 1099 3724 peteret.
1138 3652 1211 3709 Item
1227 3650 1298 3710 duos

127 3757 255 3818 thaleros
265 3757 420 3818 Chunrado
430 3759 536 3832 Fabro,
553 3759 577 3816 si
591 3754 665 3816 iorte
679 3755 889 3828 horologiolum
903 3762 1034 3829 paratum
1049 3760 1133 3815 esset.
1156 3756 1298 3816 iussimus

128 3878 243 3936 quoq-ue
258 3857 379 3922 eundem
398 3863 525 3922 thaleros
548 3866 661 3922 centum
682 3859 791 3921 referre
815 3861 852 3922 ad
866 3861 1022 3935 Rotgerum
1044 3859 1105 3922 auli
1122 3862 1174 3921 der
1188 3862 1296 3934 Burgk.

129 3965 189 4041 lpsi
203 3965 286 4027 nohis
300 3971 510 4029 reservavimus
525 3972 637 4028 centum
653 3972 683 4026 et
696 3967 816 4040 triginta
831 3971 940 4042 septem
954 3968 1070 4029 taleros.

217 4071 346 4132 Adduxit
360 4081 457 4134 autem
472 4090 567 4133 secum
582 4072 619 4132 ab
634 4073 767 4144 Augusta
782 4071 915 4142 Liberius
930 4073 1054 4133 aulicum
1069 4067 1210 4144 quendam
1225 4067 1297 4127 filio-

128 4193 191 4234 rum
207 4177 341 4238 electoris
356 4179 497 4254 Saxoniae,
512 4178 714 4238 Baithasarum
731 4176 981 4252 Quindenberger,
1006 4176 1055 4249 qui
1069 4191 1088 4234 a
1102 4172 1185 4233 nobis
1199 4169 1237 4232 ad
1251 4189 1298 4232 co·

134 4281 232 4341 mitem
246 4281 356 4342 itineris
372 4300 462 4357 usque
476 4285 507 4341 in
521 4283 742 4344 Rudolstadium
756 4289 888 4358 receptus
903 4284 957 4342 est.
1058 4362 1063 4366 ἡ

220 4385 345 4461 Singulis
384 4388 508 4465 denique
542 4389 650 4450 curatis
682 4390 798 4466 auspice
820 4387 880 4448 ¹deo
908 4402 926 4448 a
958 4382 1140 4457 Norinberga
1170 4381 1297 4444 Forche-
