2940 4900
759 329 825 405 ’172

206 519 530 584 Docmrlledobacnins
544 517 671 582 medicus
687 525 717 582 et
729 517 837 582 Paulus
852 526 953 583 tonsor
967 526 998 582 et
1011 535 1083 596 pner
1097 513 1211 596 nobilis,
1227 537 1304 597 quem
1314 520 1362 581 den
1440 529 1441 536 ’

204 627 323 688 Bremer
337 629 554 703 cognominant,
580 632 610 686 et
624 627 809 688 Sebastianus
824 641 842 686 s
857 627 1083 688 Wrtnenhansen
1103 626 1197 689 adhuc
1216 643 1278 688 cnm
1295 627 1361 701 prin-

207 731 270 807 cipe
284 737 441 794 morantur.

293 836 415 897 Domine
430 836 508 912 deus,
524 837 565 896 illi
580 836 729 898 commissu
744 851 797 896 sua
811 838 925 897 remitte
940 844 969 899 et
985 839 1077 900 libers
1092 854 1156 900 cum
1167 843 1287 915 propter
1302 851 1363 907 eun,

204 943 254 1016 qui
276 957 328 1002 nos
350 943 488 1016 sangnine
511 957 563 1002 suo
586 941 717 1015 precioso
739 939 872 1002 liberavit
894 942 930 1002 de
952 943 1084 1019 diabolo,
1114 942 1221 1004 mundo
1245 946 1274 1002 et
1293 956 1365 1002 carne

203 1051 316 1120 nostra,
327 1038 477 1106 'conserve
492 1051 521 1105 et
535 1051 654 1120 protege
668 1046 762 1119 ipsum
777 1046 880 1120 spiritu
895 1051 945 1108 tuo
961 1055 1073 1123 saneto,
1097 1065 1135 1107 ne
1154 1048 1246 1108 tentis
1261 1045 1365 1106 tribulu-

204 1151 328 1211 tionibus
343 1152 438 1212 animo
453 1151 579 1225 labatur,
596 1149 648 1210 sed
662 1146 720 1208 lide
735 1155 848 1238 erectus
863 1151 899 1211 de
914 1155 1037 1213 nominis
1051 1155 1094 1212 tni
1107 1151 1304 1227 magnitudine
1316 1150 1365 1225 plo

205 1257 275 1316 riari
293 1271 357 1315 cnm
376 1256 477 1316 laetitia
500 1258 530 1315 in
552 1257 712 1330 longevum
731 1255 832 1327 possit.
862 1255 1009 1316 Memento
1029 1263 1058 1317 ct
1078 1257 1223 1318 Friderici
1243 1256 1315 1316 servi
1331 1252 1366 1312 tui

203 1375 237 1422 ae
260 1360 366 1422 Eubuli
384 1362 469 1434 juxte
490 1366 568 1420 tuam
581 1361 762 1437 'ipsissimam
782 1359 952 1434 bonitatem,
976 1363 1019 1421 tui
1042 1363 1118 1422 enim
1139 1377 1239 1423 sumus
1262 1367 1365 1421 stores

202 1481 317 1541 pssouae
331 1473 399 1541 tnae,
415 1467 475 1525 sive
491 1447 627 1541 vivemus,
643 1466 704 1525 sive
718 1465 882 1524 moriamur.
916 1464 940 1525 0
957 1481 1071 1527 oausam
1087 1465 1211 1529 deiende
1227 1457 1312 1538 tuam,
1326 1468 1367 1522 tua

202 1569 296 1643 glorie
309 1570 419 1644 vincat,
435 1585 495 1630 non
508 1587 583 1630 unus
597 1573 686 1632 instat
699 1569 829 1645 Pharao,
845 1568 997 1630 facultates
1012 1571 1154 1646 adimunt,
1171 1572 1283 1632 ferrum
1296 1569 1366 1629 mini·
1441 1583 1442 1624 l

202 1677 302 1734 tantur
317 1678 347 1733 et
361 1674 463 1734 endas.

292 1778 318 1836 A
333 1795 416 1840 coene
430 1778 579 1854 Philippus
599 1777 691 1841 frater
706 1787 736 1842 st
750 1798 804 1857 ego
822 1780 976 1842 adhortor
992 1779 1052 1842 Viti
1071 1782 1192 1844 thich
1216 1776 1365 1842 deambulo

200 1882 310 1957 bamus,
326 1899 384 1957 qua
398 1899 503 1960 pompa
518 1885 555 1944 ab
569 1885 707 1947 Hansone
722 1885 861 1947 Gnaltcro
879 1886 916 1946 ab
926 1887 1047 1948 Hirnem
1061 1889 1158 1962 equits
1174 1892 1278 1948 aurato
1293 1883 1367 1944 duttt
1441 1909 1442 1950 l

201 1987 335 2050 Bavarise
349 1994 379 2047 et
393 1987 578 2063 Wirtenberg
592 2004 647 2048 nee
662 2006 720 2051 non
736 2007 754 2050 a
768 1991 972 2066 Breunsohwig
994 1999 1024 2055 et
1044 1995 1140 2054 nescio
1161 1998 1234 2068 quot
1253 1989 1365 2058 comites,
1441 2053 1442 2069 ,

201 2094 333 2167 barones,
345 2107 479 2168 proceres
487 2109 539 2154 nec
547 2111 605 2154 non
616 2098 645 2153 et
655 2071 782 2156 choreas
792 2097 932 2173 nymphus
940 2101 972 2157 in
979 2097 1081 2158 iisdem
1088 2098 1181 2158 horti
1189 2095 1317 2158 convivio
1324 2106 1364 2150 cx·

201 2200 374 2272 ciperentur,
391 2200 490 2258 visuri.
515 2199 636 2260 Reverti
651 2199 719 2260 inde
735 2206 802 2275 post
817 2202 885 2262 solis
899 2218 1033 2264 occasum
1047 2204 1139 2264 amnis
1148 2189 1271 2263 decursu
1280 2195 1365 2259 oeulos
1441 2280 1442 2290 ἵ

200 2301 418 2378 refrigebamns.
447 2304 620 2379 Supervenit
638 2305 727 2380 igitur
741 2311 772 2365 et
789 2313 926 2382 cognatus
943 2314 1043 2368 noster
1057 2323 1150 2368 comes
1169 2305 1335 2368 wilhelmus
1349 2313 1365 2356 a

201 2409 393 2484 Witgenstein
404 2411 513 2486 junior,
531 2411 673 2484 inquiens,
690 2411 745 2470 sibi
759 2412 898 2470 nuncium
913 2429 932 2472 a
946 2414 1049 2474 comite
1061 2411 1216 2474 Wilhelmo
1231 2427 1250 2472 s
1263 2407 1365 2469 Nestou

201 2514 238 2574 ad
253 2531 303 2575 eos
318 2515 441 2589 hebere,
464 2517 599 2574 nimirum
614 2520 649 2575 ut
663 2515 718 2576 hoc
732 2517 847 2576 nomine
862 2518 952 2591 ipsius
971 2517 1054 2592 nobis
1075 2519 1197 2593 diceret,
1221 2509 1362 2587 arehiepis-

200 2635 302 2693 copum
318 2618 519 2681 coloniensem
533 2621 631 2682 sedulo
647 2620 761 2696 quidem
777 2623 850 2682 sicut
865 2629 894 2682 ct
913 2624 1035 2698 ipsemet
1054 2625 1085 2684 in
1106 2624 1190 2684 domo
1211 2616 1364 2683 Grandevt·

200 2724 236 2783 las
251 2724 394 2799 vidissem,
411 2726 563 2798 institisse,
584 2743 684 2786 verum
698 2726 918 2787 Atrebatensem
933 2729 1033 2790 eadem
1047 2726 1109 2788 fers
1124 2726 1294 2798 coloniensi,
1309 2731 1363 2794 11¹¹le

200 2828 269 2886 mihi
291 2834 376 2888 antea
398 2829 600 2905 responderat,
625 2831 740 2892 dixisse.
777 2832 858 2892 Haec
880 2835 982 2908 igitur,
1007 2851 1069 2894 cum
1091 2833 1170 2894 nulla
1188 2833 1289 2894 melior
1307 2837 1364 2900 spel
1442 2893 1443 2908 χ

200 2932 357 3005 arrideret,
381 2935 512 2992 comitem
534 2951 553 2994 a
572 2933 687 2994 Nassau
707 2953 760 3011 per
779 2937 855 2998 huno
874 2955 919 2998 me
938 2940 1046 2999 rescire
1065 2939 1198 2999 voluisse.
1239 2934 1363 3004 Utrltlllle
1442 2927 1443 2948 ἶ

200 3033 288 3108 igitur
295 3036 403 3108 gratias
413 3052 509 3110 agens,
526 3039 659 3111 qnoniam
672 3016 857 3102 noctescebat
871 3045 959 3104 semel
972 3049 1059 3120 atone
1072 3046 1177 3104 iterum
1190 3043 1282 3106 libato
1294 3035 1363 3112 priul

200 3137 267 3196 vino
284 3137 466 3198 wilhelmum
481 3155 551 3199 cum
560 3141 655 3202 fausta
669 3146 875 3219 imprecatione
890 3151 953 3223 ejus
968 3149 1060 3209 noctis
1074 3148 1245 3224 dimisimus,
1269 3137 1361 3207 (lormi-

200 3243 271 3302 tium
291 3247 392 3303 euntes
411 3259 446 3304 ac
467 3244 582 3306 domino
604 3262 702 3307 curam
725 3254 816 3310 nostri
840 3259 1061 3328 nostrorumque
1080 3255 1296 3314 committentes.
1330 3241 1364 3302 El

199 3349 246 3409 hic
266 3354 310 3410 est
330 3354 448 3411 eventus
468 3366 550 3412 sense
571 3355 791 3428 exspectationis
811 3363 841 3416 et
861 3357 961 3418 aulicae
981 3358 1195 3436 pollicitationis
1215 3346 1362 3435 splendide

199 3455 268 3518 mihi
283 3473 336 3517 nec
350 3457 387 3517 sb
402 3457 466 3517 heri
480 3474 533 3518 nec
547 3459 585 3532 sb
598 3459 684 3522 hodie
699 3463 822 3538 primum
836 3464 921 3523 notis.
940 3460 949 3498 ¹
976 3463 1032 3539 Qui
1047 3464 1124 3525 solus
1135 3469 1284 3524 muterers
1296 3449 1362 3518 nolli

198 3562 347 3623 bruchium
362 3564 480 3639 excelsi,
503 3571 565 3626 esto
580 3567 648 3628 milri
663 3568 812 3645 presidio,
833 3567 886 3629 tibi
907 3568 982 3628 eninr
1004 3567 1118 3628 domino
1136 3567 1191 3629 deo
1213 3565 1289 3642 patri
1307 3567 1362 3619 ⁰1¹1¹¹

199 3666 270 3726 Jesu
284 3665 344 3727 lilio
358 3673 408 3727 tuo
423 3669 573 3733 benedicto
589 3673 705 3737 domino
720 3679 819 3735 nostro
834 3679 863 3734 ct
877 3688 960 3734 sacro
975 3676 1127 3747 pneumate
1142 3673 1233 3733 omnis
1252 3667 1362 3734 debetur

198 3767 300 3841 honos,
317 3773 444 3842 potestas
460 3779 489 3832 et
503 3775 663 3851 imperinm.
1120 3784 1123 3788 ’

288 3869 423 3947 Cogimur
438 3875 525 3949 igitur
540 3881 710 3971 sententiam
724 3881 816 3958 ferre,
841 3898 906 3957 quse
928 3883 1021 3957 qualis
1042 3883 1092 3957 sit,
1116 3882 1178 3956 ille,
1202 3883 1251 3955 qni
1270 3875 1361 3939 eunom

199 3979 351 4055 dijudicat,
371 3979 494 4058 judicet,
518 3985 622 4046 nostris
644 3987 759 4061 quidem
779 3989 935 4048 commissis
955 3987 1046 4064 probe
1067 3988 1281 4048 commeruimus
1298 3983 1359 4044 hec,

200 4083 331 4146 dominus
355 4090 453 4148 entem
475 4086 528 4147 sibi
556 4089 736 4164 beneplacito
758 4098 888 4167 tempore
910 4109 963 4153 nee
984 4093 1134 4154 venialem
1157 4107 1211 4152 nee
1235 4092 1360 4152 honorem

198 4203 281 4248 snum
302 4193 391 4251 minui
411 4193 499 4267 sinet,
528 4197 783 4270 persemetipsum
804 4197 878 4256 enim
895 4197 1016 4272 juravit:
1040 4197 1114 4257 Mihi
1137 4193 1360 4258 decanicum

777 4334 794 4368 ἡ

280 4415 291 4460 1
311 4415 409 4465 notus?
