3028 4894
212 485 287 544 hanc
305 485 450 546 voluerint
469 487 570 546 herum
589 487 742 548 verborum
761 499 823 542 esse
845 483 1027 554 sententiam,
1051 481 1143 550 Pater
1164 481 1261 553 major
1278 494 1321 536 me
1334 482 1383 537 est
1488 463 1489 500 ³

215 587 289 662 Quia
309 591 426 652 eoeleste
445 606 565 666 regnum
586 595 615 650 et
635 589 727 665 gloria
745 589 790 647 his
809 585 993 649 inferioribus
1016 587 1187 662 gauderetis
1203 587 1303 658 ntique
1316 583 1388 657 quod

213 693 243 752 in
258 696 395 769 majorem
409 702 563 756 transeam.
594 695 665 754 Haeo
684 693 823 770 expositio
843 697 939 752 eutem
961 707 1013 751 nee
1032 691 1108 751 mala
1128 707 1188 750 nee
1209 691 1325 765 quidem
1341 689 1388 746 im-

213 799 362 874 probanda
378 806 429 860 est.
461 799 534 858 Mihi
549 804 643 860 autem
657 799 768 872 videor,
790 799 815 857 si
830 796 920 857 verba
935 797 1042 856 Christi
1058 797 1232 870 diligentius
1248 795 1387 854 excutian-

213 909 271 978 tur,
287 905 389 964 hurum
404 907 557 978 genuinam
569 905 645 963 hane
658 903 752 964 videri
767 904 945 964 renuntiem.
977 902 1050 974 Quia
1064 906 1151 975 pater
1167 901 1267 973 major
1282 915 1327 956 me
1341 902 1388 969 eat,

214 1009 379 1082 gauderetis
394 1009 501 1084 utique,
526 1009 603 1082 quod
619 1009 810 1070 obedientiam
824 1009 900 1084 patri
914 1013 1057 1081 praestem,
1082 1007 1158 1066 sient
1179 1006 1219 1065 ab
1243 1007 1308 1078 ipso
1321 1017 1390 1076 pra·

215 1113 377 1172 ordinatum
396 1118 449 1188 eet,
473 1119 502 1173 et
525 1131 610 1190 opus,
635 1114 712 1187 quod
732 1116 807 1190 ipse„
816 1114 885 1173 mihi
903 1114 1035 1188 injunxit,
1060 1109 1215 1186 perficiam
1235 1115 1266 1170 et
1286 1109 1317 1166 in
1337 1112 1392 1164 tam

215 1217 398 1276 excellentem
420 1218 542 1292 gloriam
561 1234 747 1278 concessurus
768 1219 806 1279 ad
825 1218 973 1278 dexteram
993 1216 1049 1276 Dei
1070 1217 1164 1290 patris
1185 1219 1323 1274 revertar
1343 1216 1391 1269 ete.

215 1321 329 1382 Monuit
348 1329 377 1382 et
395 1322 459 1398 hue,
476 1323 629 1397 discipulos
648 1325 762 1398 quidem
784 1325 928 1385 dominum
950 1339 1059 1382 summo
1078 1337 1180 1380 amore
1204 1320 1392 1394 prosequutus

215 1423 316 1502 inisse,
340 1428 472 1490 nimirum
495 1431 525 1488 in
548 1430 640 1504 primu
663 1431 767 1505 gradu,
791 1430 846 1488 hoo
870 1435 927 1503 est,
951 1430 993 1488 ita
1017 1425 1161 1486 Christum
1187 1423 1343 1495 amabant,
1364 1422 1394 1477 ut

215 1536 369 1608 praesentia
388 1541 418 1594 et
436 1536 642 1595 consuetudine
663 1551 715 1595 sua
734 1535 841 1594 diutins
861 1531 919 1592 frui
938 1537 1083 1606 superent.
1120 1531 1224 1603 Quare
1247 1535 1279 1588 et
1300 1525 1338 1586 ob
1355 1523 1392 1594 id,

217 1637 293 1710 quod
308 1638 402 1698 abitus
417 1640 461 1697 sui
476 1641 649 1700 mentionem
663 1638 786 1713 fecisset,
803 1639 945 1702 tristiores
959 1637 1067 1697 redditi
1081 1641 1158 1696 sunt.
1184 1637 1289 1695 Minus
1304 1635 1394 1692 auten

217 1741 341 1800 seeundo
361 1744 467 1802 amoris
487 1741 588 1816 gradui
610 1741 813 1818 satisfecerint,
837 1745 958 1816 seilicet,
983 1741 1050 1816 quia
1068 1741 1268 1801 obedientiam
1291 1734 1393 1795 domiui

217 1861 287 1918 01¹8&
309 1851 434 1920 patrem,
459 1852 488 1904 et
509 1862 584 1920 eam,
608 1849 639 1906 in
661 1863 746 1922 qnam
769 1847 898 1907 Christus
919 1848 1089 1906 introiturus
1109 1853 1174 1907 erat
1196 1844 1324 1920 gloriam
1339 1849 1393 1898 non
1488 1860 1489 1924 j

218 1951 276 2010 suis
296 1948 444 2030 affeetilrus
465 1957 494 2010 et
514 1952 657 2024 corporali
680 1952 787 2012 Christi
806 1954 961 2040 praesentia
983 1951 1172 2027 praetulerint.
1214 1951 1301 2010 Dixit
1323 1945 1394 2005 enim
1488 1935 1489 1970 ³

219 2052 349 2116 Christus
361 2053 550 2115 «Gauderetis
563 2058 671 2130 utique,
687 2059 754 2130 quia
766 2063 849 2131 pater
861 2060 955 2131 major
964 2074 1009 2117 me
1023 2062 1098 2131 est«,
1108 2057 1192 2129 quasi
1206 2057 1297 2127 dieat,
1311 2049 1393 2108 «Non
1488 2037 1489 2076 ³

217 2160 255 2220 ub
275 2159 306 2218 id
328 2160 457 2218 abiturus
479 2177 550 2235 snm,
575 2161 653 2233 quod
667 2162 755 2220 nolim
770 2161 876 2221 diutius
891 2161 1037 2222 uobiscum
1052 2162 1184 2222 interris
1201 2161 1323 2234 degere,
1346 2155 1393 2212 aut
1488 2143 1489 2150 ἵ

218 2263 294 2337 quod
309 2265 398 2325 vestri
413 2269 552 2338 pertaesus
567 2266 633 2338 sim;
651 2265 702 2325 sed
716 2266 782 2339 quia
798 2271 882 2340 pater
896 2269 988 2341 major
1003 2284 1058 2341 me,
1071 2272 1154 2326 vocat
1167 2283 1215 2326 me
1231 2259 1394 2325 obedientia
1488 2241 1489 2286 l

218 2371 295 2445 patri
309 2371 484 2446 praestanda,
508 2378 626 2446 etopus
641 2371 846 2444 redemptionis
866 2373 1040 2444 compleatur
1060 2376 1089 2431 et
1108 2370 1146 2440 ud
1164 2373 1297 2444 priorem
1312 2362 1392 2424 clari·

218 2481 307 2536 tatem
322 2481 351 2536 et
365 2481 496 2550 paratam
511 2475 580 2534 mihi
594 2475 715 2550 gloriam
730 2475 892 2536 conuedam.
930 2477 1010 2551 Haeo,
1032 2478 1159 2552 inquam,
1182 2477 1207 2534 si
1224 2475 1318 2550 probe
1332 2483 1393 2545 per·
1488 2459 1489 2464 ’

218 2581 390 2656 panderetis,
414 2582 578 2654 gauderetis
598 2584 693 2655 potins
713 2599 798 2656 quam
819 2581 1090 2642 conmutareminh
1129 2581 1247 2640 Doeens
1265 2577 1393 2638 dominus
1481 2606 1482 2610 =

218 2685 273 2744 hoe
288 2687 426 2761 exemplo,
450 2688 528 2761 quod
548 2687 710 2748 obedientia
731 2692 760 2747 et
777 2687 817 2761 id,
841 2689 871 2746 in
894 2686 970 2760 quod
989 2687 1091 2746 missus
1113 2691 1184 2758 erat,
1208 2685 1305 2746 amori
1327 2690 1393 2750 erga

220 2791 373 2865 discipulos
388 2796 417 2851 et
432 2794 526 2852 earnis
542 2791 690 2852 affectibus
705 2793 840 2866 praetulit.
871 2792 946 2852 Nam
961 2791 1070 2850 solebat
1089 2792 1130 2850 sic
1145 2791 1242 2850 Deum
1259 2784 1392 2852 dilexisse

219 2894 365 2969 mundum,
390 2900 422 2955 ut
439 2896 515 2954 hune
534 2893 623 2956 filium
644 2913 726 2956 suum
747 2897 867 2969 dederit,
892 2912 948 2968 quo
970 2897 1070 2972 omnis,
1095 2897 1144 2969 qni
1163 2896 1259 2956 eredit
1273 2896 1305 2953 in
1320 2902 1390 2958 eum,

219 3013 276 3056 non
292 3004 401 3074 pereat,
426 3000 477 3059 sed
495 3000 583 3058 vitam
604 3007 741 3062 aternam
762 3001 881 3072 hebeet3
906 3017 958 3060 nos
978 3001 1033 3060 deo
1051 3001 1116 3075 plus
1136 3000 1254 3061 obedire
1276 2996 1390 3060 debere,
1483 3023 1484 3072 1

220 3108 349 3175 atquem
370 3105 522 3177 unicuique
542 3105 720 3164 vocationem
738 3107 800 3181 ipse
814 3105 984 3180 injunxerit,
1008 3105 1120 3179 privato
1140 3121 1238 3166 amore
1260 3110 1291 3164 et
1310 3097 1391 3160 edec-

220 3206 296 3266 tibus
316 3210 453 3282 majorem
474 3209 578 3268 ducere
593 3209 708 3270 debere.
739 3211 824 3284 Nam,
845 3213 938 3285 inquit
952 3211 1108 3283 Musonius,
1132 3226 1214 3270 amor
1233 3212 1314 3269 intra
1328 3217 1390 3262 nor·

220 3327 296 3370 mam
311 3313 432 3386 justitiae
446 3321 623 3389 permaneat.
654 3316 786 3391 Exempli
800 3316 902 3389 gratia.
934 3316 1022 3376 Pater
1037 3332 1077 3390 es,
1100 3315 1207 3374 liberos
1223 3315 1313 3374 chara
1327 3321 1389 3366 eon·

217 3417 291 3493 jngii
309 3419 431 3495 pignora
448 3425 548 3480 tenere
568 3419 676 3494 diligis;
695 3423 775 3495 Justa
797 3426 841 3480 est
863 3425 892 3480 et
914 3437 997 3494 aequa
1018 3422 1080 3480 haee
1100 3421 1219 3494 storgia.
1256 3420 1389 3478 Attamen

220 3524 261 3583 ite
282 3541 330 3586 eos
352 3530 461 3598 amato,
485 3542 521 3586 ne
540 3527 618 3602 ipsos
639 3525 702 3586 Deo
721 3526 860 3599 praeferas
881 3528 910 3584 et
929 3524 986 3584 illis
1006 3530 1107 3584 eonma
1127 3523 1182 3584 Dei
1203 3525 1340 3585 mandata
1362 3519 1389 3574 et

217 3627 336 3700 jusuuae
362 3646 491 3690 normam
512 3647 580 3692 aava
607 3633 768 3692 conniveas.
814 3631 929 3690 Amicus
951 3630 1003 3689 tibi
1025 3631 1128 3704 aliquus
1151 3635 1209 3703 est,
1233 3631 1287 3690 tibi
1309 3623 1387 3684 unice

222 3729 310 3803 eordi,
327 3734 373 3790 eui
387 3735 417 3792 in
432 3735 563 3794 omnibus
577 3752 685 3796 morem
701 3752 802 3809 gerere
817 3737 923 3808 cupias.
947 3734 987 3793 At
1002 3751 1065 3794 eum
1080 3737 1122 3794 ita
1137 3741 1243 3810 amato,
1257 3751 1294 3795 ne
1309 3724 1388 3791 amici

222 3847 308 3892 musa
326 3832 382 3892 Dei
402 3838 483 3910 uam,
507 3841 609 3897 animae
628 3846 686 3900 tuae
706 3841 872 3915 periculum,
896 3844 947 3900 aut
964 3845 1049 3914 turpe
1069 3840 1139 3913 qnid
1160 3842 1204 3898 vel
1224 3841 1326 3900 subeas
1344 3827 1387 3892 vel

222 3938 390 3998 committes.
421 3940 511 4000 Filius
530 3941 652 4003 familias
672 3960 712 4018 es,
737 3946 778 4004 sie
797 3949 911 4030 patrem
930 3947 1080 4019 reveritor,
1104 3963 1139 4005 ne
1155 3950 1250 4004 mmen
1266 3933 1387 4002 eoelestls

222 4043 297 4102 illius
312 4045 403 4118 patris
417 4045 554 4106 honorem
573 4047 731 4108 imminuas.
766 4051 853 4122 Item,
876 4053 900 4108 si
920 4067 977 4125 qua
997 4049 1035 4108 ad
1054 4049 1110 4109 Dei
1129 4051 1249 4124 gloriam
1268 4052 1318 4108 ant
1335 4036 1386 4099 rei·

222 4147 343 4222 publioae
363 4149 522 4226 proiectum
541 4167 688 4228 vocemur,
713 4169 877 4227 quanquam
896 4172 1015 4216 uxorem
1036 4161 1066 4215 et
1087 4155 1193 4215 liberos
1216 4163 1339 4214 amemus
1360 4144 1387 4200 et

223 4255 337 4328 nostrie,
361 4262 394 4315 nt
411 4273 524 4330 aequum
545 4264 602 4332 est,
624 4258 698 4318 bene
718 4273 842 4332 praeesse
862 4262 1017 4335 cupiamus,
1040 4266 1137 4319 tamen
1155 4261 1200 4320 his
1220 4247 1384 4334 posthabite

223 4357 337 4422 domine
350 4360 487 4423 honorem
501 4363 598 4429 demus
613 4368 642 4426 et
660 4379 810 4438 pareamus
825 4367 947 4428 uocanti.
987 4366 1137 4441 Similiter,
1161 4367 1186 4426 si
1207 4379 1277 4426 erux
1295 4353 1384 4436 perfe-
