2940 4900
689 316 754 386 167

98 497 144 559 las
158 497 320 564 allocutus
338 508 402 578 e'st,
423 516 544 580 quorum
558 499 620 564 iere
635 499 737 564 eedem
750 506 781 564 et
795 517 854 564 urna
869 507 933 566 eret
947 504 1101 579 sananda,
1122 508 1252 566 metuere
1267 521 1308 582 se,

105 604 331 680 imperatorem
349 607 393 670 de
407 611 541 684 imposita
554 608 625 668 mibi
639 623 749 668 summa
763 607 835 674 nibil
848 607 1045 668 minuiturum.
1075 607 1151 682 Quin
1166 617 1197 672 et
1210 611 1311 674 damon

101 709 182 770 Haec
198 710 415 775 Atrebatensi
438 731 485 776 me
507 731 568 776 non
589 713 646 774 nisi
665 717 800 787 quartam
823 718 935 787 partem
956 713 1107 774 comitatus
1127 719 1157 774 et
1180 732 1243 776 eam
1257 733 1311 792 per

102 829 265 876 novercam
290 821 422 895 egregie
444 821 665 896 oppignoratam
684 818 755 878 mihi
777 819 869 880 solam
887 818 1029 892 reliquam
1043 835 1107 880 esse
1121 820 1308 884 indicaverat.

101 918 257 982 Diues-unt
278 939 411 998 quoque
433 923 605 998 ιοιιὶιῑιιιὶ,
629 939 782 997 summam,
810 939 897 997 quam
922 924 979 999 ipsi
1001 924 1088 996 nobis
1107 927 1307 1000 imposuerint,

102 1025 196 1087 multo
212 1025 466 1090 tolerabiliorem
481 1044 555 1089 esse.
578 1029 686 1089 Verum
700 1029 765 1088 illos
780 1028 854 1088 olam
869 1042 931 1088 esse
946 1043 1004 1104 quc
1013 1029 1060 1089 rel
1073 1029 1243 1108 instigatore
1257 1038 1309 1093 sut

104 1137 272 1202 quamam
288 1133 334 1194 ob
354 1149 473 1194 causam
487 1147 579 1194 caesar
593 1148 646 1210 per
661 1149 692 1194 se
707 1148 845 1194 summam
859 1137 919 1194 tam
932 1134 1060 1208 iniquam
1068 1121 1093 1195 'a
1106 1152 1152 1196 me
1167 1137 1305 1212 erigeret,

102 1249 177 1294 nam.
187 1237 348 1312 quioquid
365 1244 510 1314 ageretur,
525 1239 557 1300 id
571 1253 706 1300 mearam
726 1237 889 1313 inproprie
902 1252 1026 1312 persona
1040 1240 1184 1300 statuisse.
1222 1241 1306 1302 Adde

103 1339 182 1413 quod
197 1341 329 1418 viglius
353 1359 416 1417 pra
437 1345 541 1404 ceteris
564 1345 737 1404 mentionem
750 1342 808 1403 mei
822 1340 946 1404 adsta
965 1345 995 1402 et
1013 1357 1059 1402 me
1079 1359 1141 1418 prss
1155 1346 1260 1406 ceteris
1274 1347 1305 1407 iu

104 1443 212 1506 militia
225 1444 425 1510 infestiorem
437 1449 540 1510 caesari
555 1447 723 1510 emendiesc.

197 1549 400 1614 Coloniensis
415 1553 516 1615 eadem
530 1569 666 1616 ιιιιιιιι
688 1554 761 1616 adiit
780 1551 923 1628 pollicitus
937 1566 969 1613 ss
983 1553 1076 1614 nostri
1090 1553 1168 1629 apud
1183 1555 1303 1618 eundem

7 1661 8 1666 ’
109 1656 299 1720 mentionem
314 1657 472 1734 lemurum,
489 1660 668 1736 quodetiam
682 1659 778 1720 credo.

6 1767 10 1803 ἰ
198 1761 287 1822 Dum
304 1765 468 1828 &maciem
483 1765 664 1840 deducerem,
680 1779 775 1826 acmes
789 1779 809 1823 a
822 1762 936 1824 masau
950 1777 1004 1838 per
1017 1777 1139 1838 puerum
1153 1779 1235 1826 suum
1250 1779 1302 1826 nos

108 1867 251 1928 ameum
263 1869 411 1944 jusserat.

199 1988 243 2033 xr
258 1975 351 2036 lunii
363 1975 391 2036 d.
407 1973 596 2051 wolfgangus
603 1973 752 2036 Musculus
765 1975 828 2036 baso
841 1974 931 2036 verbu
944 1975 1016 2052 legit
1030 1991 1067 2036 er
1081 1991 1143 2051 cup.
1162 1974 1202 2034 lt
1212 1974 1301 2036 loan-

111 2075 170 2136 nis:
190 2077 248 2140 »si
263 2081 307 2142 de
317 2081 430 2142 mundo
443 2069 580 2156 fuissetis,
595 2082 719 2143 mundus
734 2081 812 2156 quud
826 2095 908 2142 suum
921 2078 966 2142 cst
980 2080 1128 2156 diligeret,
1144 2081 1212 2156 quia
1230 2094 1300 2142 rsro

112 2177 149 2238 de
170 2183 290 2246 mundo
317 2199 376 2245 non
397 2173 480 2260 estis,
503 2186 556 2247 sed
576 2202 630 2262 ego
651 2187 725 2262 elegi
744 2201 796 2246 voe
810 2186 847 2248 de
861 2185 981 2259 mundo,
1004 2165 1159 2261 propterea
1173 2201 1224 2246 vos
1238 2185 1300 2248 odit

113 2286 263 2349 nundus«
277 2291 337 2351 etc.
359 2291 415 2352 Hic
428 2291 470 2351 sit
484 2290 627 2365 quomodo
639 2290 769 2352 Christus
783 2293 873 2366 priori
883 2274 1053 2366 argumenta
1068 2290 1222 2364 discipulos
1237 2307 1297 2354 me·

115 2393 224 2468 ιιιιίι,
240 2401 278 2456 ut
301 2397 488 2470 respicientes
507 2397 664 2472 dominum,
686 2396 830 2470 quomodo
844 2397 906 2472 ipss
931 2393 1074 2456 emunda
1093 2399 1230 2471 exceptus
1249 2397 1297 2471 sit,

9 2503 10 2508 ’
116 2509 153 2554 ne
167 2512 239 2558 mox
255 2501 356 2562 animo
372 2506 637 2577 consternarentur,
653 2505 679 2562 si
691 2501 767 2562 forte
782 2501 849 2562 odia
863 2498 962 2559 mundi
975 2499 1006 2558 in
1021 2515 1052 2558 se
1061 2499 1214 2560 senserint.
1236 2499 1299 2562 Nec

10 2637 11 2642 κ
119 2601 195 2662 anim
208 2604 355 2666 mdndum
378 2611 544 2680 acceptores
566 2608 612 2669 vel
634 2611 794 2666 assertores
818 2605 950 2665 veritatis
971 2605 1056 2665 aliter
1079 2606 1124 2665 uel
1139 2608 1298 2680 suscepisse

8 2743 9 2747 =
118 2704 164 2766 vel
177 2710 308 2782 posthae
328 2713 527 2786 suscepturum
541 2727 613 2773 esse.
652 2709 769 2785 Magna
791 2715 888 2770 autem
903 2709 1091 2770 consolationi
1106 2710 1188 2771 nobis
1203 2715 1257 2784 est,
1272 2712 1297 2772 si

115 2812 246 2878 'sciamus
260 2816 409 2880 dominnm
421 2817 533 2892 ipsum,
561 2816 706 2890 apostolos
726 2820 757 2875 et
770 2816 925 2890 prophetas
943 2829 1001 2876 non
1015 2815 1107 2874 solum
1121 2817 1295 2896 persecutiq-

121 2929 187 2978 nem
202 2937 323 2998 passos,
348 2921 400 2984 sed
419 2926 449 2982 et
468 2921 576 2984 uccbos
595 2920 734 2981 emunda
756 2927 786 2982 et
804 2920 880 2982 bone
892 2921 1122 2997 persecutionem
1136 2922 1218 2982 nobis
1233 2937 1297 2986 cum

121 3022 229 3086 talibus
243 3042 310 3088 esse
325 3043 510 3088 communem.
548 3026 603 3087 Est
617 3029 694 3086 enim
714 3026 859 3102 quiddam,
875 3028 901 3087 si
915 3027 1056 3102 quispiam
1069 3025 1224 3104 singularis
1237 3029 1297 3103 pie·

122 3127 189 3188 tatis
212 3136 244 3192 et
262 3146 379 3192 summes
402 3131 571 3192 eruditionis
593 3132 638 3192 uir
656 3131 696 3192 a'd
714 3132 858 3194 matutam
876 3133 1004 3209 aliquam
1021 3149 1039 3192 ι
1058 3149 1129 3209 rege
1150 3135 1294 3209 quopiam,

13 3235 14 3238 '
123 3231 254 3314 principe
272 3238 320 3298 vel
342 3237 490 3314 republica
503 3237 642 3313 mittatur,
665 3238 772 3310 optime
786 3237 917 3304 consulat
931 3243 962 3299 et
975 3240 1000 3299 is
1015 3255 1130 3314 quoque
1143 3239 1211 3300 huic
1226 3239 1293 3299 ciri·

123 3337 176 3396 tuti
190 3357 230 3400 ex
244 3343 339 3403 auimo
354 3343 515 3404 consultum
529 3343 616 3404 vellet
630 3348 660 3404 et
673 3342 720 3402 hic
731 3347 829 3403 tamen
836 3344 949 3417 legatus
963 3357 1017 3416 pro
1033 3359 1085 3402 sua
1100 3348 1181 3402 recto
1194 3343 1293 3404 volun·

13 3439 14 3442 ’
125 3443 183 3503 tate
197 3452 229 3506 et
243 3445 485 3508 tantisbenefieiis
497 3449 662 3536 manciaci
673 3449 775 3522 plegae
789 3447 920 3523 accipiat,
934 3447 960 3504 si
974 3445 1047 3504 sciat
1061 3445 1182 3505 antehac
1196 3445 1233 3504 ab
1246 3461 1293 3506 ea·

12 3538 15 3584 ἰ
125 3544 189 3608 dem
203 3552 320 3614 civitate
332 3559 362 3613 et
371 3553 436 3612 aliis
449 3553 533 3616 bonis
547 3554 617 3612 viris
633 3550 753 3612 eandem
766 3550 926 3610 mercedem
940 3564 994 3624 pro
1009 3565 1062 3609 sua
1075 3548 1219 3623 probitate
1229 3549 1294 3610 red-

127 3650 278 3717 limmate.
301 3656 392 3718 Addit
406 3662 435 3717 et
443 3657 574 3718 Christus
589 3657 710 3717 alterum
724 3658 935 3729 argumentmn:
952 3652 983 3714 Si
998 3653 1034 3715 de
1048 3654 1155 3716 mundo
1169 3653 1295 3720 funeste

126 3760 178 3818 etc.
193 3761 250 3822 Hic
257 3767 354 3822 autem
361 3763 508 3822 Masculus
520 3763 616 3824 variae
628 3761 801 3836 questiones
808 3761 905 3835 movit,
916 3760 1059 3835 quomodo
1066 3758 1196 3824 Christus
1208 3763 1294 3841 dicat,

127 3861 308 3928 sidemuudo
319 3865 454 3942 masam,
467 3883 531 3927 cum
543 3867 665 3942 apostoli
677 3862 822 3946 inmundo
833 3867 894 3928 nati
909 3872 939 3926 et
953 3883 989 3926 ex
1003 3870 1155 3931 mundanis
1170 3871 1295 3944 parenti·

127 3963 177 4028 hus
191 3972 281 4046 geniti
290 3975 320 4031 et
328 3971 358 4031 in
369 3972 441 4046 ipso,
451 3971 542 4033 donee
553 3973 608 4034 riri
616 3973 742 4034 robusta
752 3972 846 4033 atatis
861 3971 966 4048 forent,
978 3974 1093 4047 edueati
1107 3979 1137 4034 et
1150 3979 1293 4046 preterea

128 4076 230 4146 passim
239 4076 271 4135 in
284 4075 391 4136 mundo
402 4078 566 4138 conversati
578 4078 636 4138 sint
647 4082 701 4138 etc.
724 4077 831 4138 Verum
846 4078 898 4140 hae
913 4081 1085 4153 questiones
1099 4077 1140 4136 its
1155 4075 1293 4151 dissolvit,

127 4182 159 4238 ut
170 4181 232 4248 bec
246 4180 281 4241 ds
297 4182 400 4256 spiritu
415 4182 513 4268 mundi
528 4182 605 4244 dieta
619 4199 683 4244 esse
697 4184 871 4244 ostenderet.
899 4183 976 4244 Nam
991 4181 1109 4258 spiritui·
1118 4179 1217 4240 mundi
1231 4197 1295 4242 cum

131 4286 229 4357 spiritu
243 4287 440 4364 apostolorum
454 4287 526 4346 nibil
539 4289 681 4348 musena,
705 4287 948 4362 Quemadmodum
959 4286 1143 4366 etspostclus
1157 4288 1212 4348 ait:
1228 4287 1295 4350 Non

128 4391 198 4452 mim
212 4392 363 4468 accepistis
383 4393 515 4483 spiritum
530 4393 630 4456 muudi
643 4392 728 4468 hique
743 4399 798 4456 ιιι.
839 4393 963 4470 Spiritus
978 4391 1054 4455 enim
1068 4393 1167 4458 muudi
1182 4411 1295 4472 semper
