<?xml version="1.0" encoding="UTF-8"?>
<!DOCTYPE html PUBLIC "-//W3C//DTD XHTML 1.0 Transitional//EN"
    "http://www.w3.org/TR/xhtml1/DTD/xhtml1-transitional.dtd">
<html xmlns="http://www.w3.org/1999/xhtml" xml:lang="en" lang="en">
 <head>
  <title>
</title>
<meta http-equiv="Content-Type" content="text/html;charset=utf-8" />
  <meta name='ocr-system' content='tesseract 3.04.00' />
  <meta name='ocr-capabilities' content='ocr_page ocr_carea ocr_par ocr_line ocrx_word'/>
</head>
<body>
  <div class='ocr_page' id='page_1' title='image "./desgrafenwolrad01trosgoog_0165.png"; bbox 0 0 2940 4900; ppageno 0'>
   <div class='ocr_carea' id='block_1_1' title="bbox 746 380 808 450">
    <p class='ocr_par' dir='ltr' id='par_1_1' title="bbox 746 380 808 450">
     <span class='ocr_line' id='line_1_1' title="bbox 746 380 808 450; baseline -0.032 0"><span class='ocrx_word' id='word_1_1' title='bbox 746 380 808 450; x_wconf 76' lang='lat' dir='ltr'>tos</span> 
     </span>
    </p>
   </div>
   <div class='ocr_carea' id='block_1_2' title="bbox 188 561 1358 956">
    <p class='ocr_par' dir='ltr' id='par_1_2' title="bbox 188 561 1358 852">
     <span class='ocr_line' id='line_1_2' title="bbox 190 561 1356 644; baseline -0.003 -14"><span class='ocrx_word' id='word_1_2' title='bbox 190 571 264 630; x_wconf 86' lang='lat' dir='ltr'>vecti</span> <span class='ocrx_word' id='word_1_3' title='bbox 278 571 353 644; x_wconf 86' lang='lat' dir='ltr'>sunt,</span> <span class='ocrx_word' id='word_1_4' title='bbox 371 579 404 626; x_wconf 90' lang='lat' dir='ltr'>eo</span> <span class='ocrx_word' id='word_1_5' title='bbox 420 561 564 642; x_wconf 85' lang='lat' dir='ltr'>dignitatis</span> <span class='ocrx_word' id='word_1_6' title='bbox 580 566 665 625; x_wconf 89' lang='lat' dir='ltr'>modo</span> <span class='ocrx_word' id='word_1_7' title='bbox 681 567 780 638; x_wconf 81' lang='lat' dir='ltr'>evecti,</span> <span class='ocrx_word' id='word_1_8' title='bbox 798 570 829 624; x_wconf 89' lang='lat' dir='ltr'>ut</span> <span class='ocrx_word' id='word_1_9' title='bbox 845 566 927 639; x_wconf 86' lang='lat' dir='ltr'>alter,</span> <span class='ocrx_word' id='word_1_10' title='bbox 944 566 1079 625; x_wconf 88' lang='lat' dir='ltr'>nimirum</span> <span class='ocrx_word' id='word_1_11' title='bbox 1094 563 1258 642; x_wconf 84' lang='lat' dir='ltr'>Phiiippus,</span> <span class='ocrx_word' id='word_1_12' title='bbox 1273 583 1356 627; x_wconf 53' lang='lat' dir='ltr'>cusae</span> 
     </span>
     <span class='ocr_line' id='line_1_3' title="bbox 188 666 1358 747; baseline -0.003 -15"><span class='ocrx_word' id='word_1_13' title='bbox 188 675 230 733; x_wconf 88' lang='lat' dir='ltr'>ris</span> <span class='ocrx_word' id='word_1_14' title='bbox 248 673 524 747; x_wconf 80' lang='lat' dir='ltr'>vicecancellaridm,</span> <span class='ocrx_word' id='word_1_15' title='bbox 548 671 637 744; x_wconf 85' lang='lat' dir='ltr'>alter,</span> <span class='ocrx_word' id='word_1_16' title='bbox 661 668 897 744; x_wconf 69' lang='lat' dir='ltr'>christophorus,</span> <span class='ocrx_word' id='word_1_17' title='bbox 921 669 999 729; x_wconf 82' lang='lat' dir='ltr'>urhis</span> <span class='ocrx_word' id='word_1_18' title='bbox 1020 671 1203 744; x_wconf 74' lang='lat' dir='ltr'>Augustanos</span> <span class='ocrx_word' id='word_1_19' title='bbox 1225 666 1358 729; x_wconf 54' lang='lat' dir='ltr'>cancella*</span> 
     </span>
     <span class='ocr_line' id='line_1_4' title="bbox 189 781 355 852; baseline 0.006 -15"><span class='ocrx_word' id='word_1_20' title='bbox 189 781 263 837; x_wconf 88' lang='lat' dir='ltr'>rium</span> <span class='ocrx_word' id='word_1_21' title='bbox 278 783 355 852; x_wconf 85' lang='lat' dir='ltr'>agat.</span> 
     </span>
    </p>

    <p class='ocr_par' dir='ltr' id='par_1_3' title="bbox 277 871 1357 956">
     <span class='ocr_line' id='line_1_5' title="bbox 277 871 1357 956; baseline -0.005 -15"><span class='ocrx_word' id='word_1_22' title='bbox 277 884 368 956; x_wconf 78' lang='lat' dir='ltr'>Ajnnt</span> <span class='ocrx_word' id='word_1_23' title='bbox 381 881 609 952; x_wconf 85' lang='lat' dir='ltr'>Atrebatensem,</span> <span class='ocrx_word' id='word_1_24' title='bbox 626 871 757 940; x_wconf 88' lang='lat' dir='ltr'>doctores</span> <span class='ocrx_word' id='word_1_25' title='bbox 773 885 802 938; x_wconf 90' lang='lat' dir='ltr'>et</span> <span class='ocrx_word' id='word_1_26' title='bbox 815 880 941 952; x_wconf 85' lang='lat' dir='ltr'>Viglium</span> <span class='ocrx_word' id='word_1_27' title='bbox 957 895 1069 937; x_wconf 87' lang='lat' dir='ltr'>omnem</span> <span class='ocrx_word' id='word_1_28' title='bbox 1084 882 1211 939; x_wconf 88' lang='lat' dir='ltr'>movisse</span> <span class='ocrx_word' id='word_1_29' title='bbox 1225 879 1357 953; x_wconf 78' lang='lat' dir='ltr'>lapidem,</span> 
     </span>
    </p>
   </div>
   <div class='ocr_carea' id='block_1_3' title="bbox 187 983 1446 4502">
    <p class='ocr_par' dir='ltr' id='par_1_4' title="bbox 188 983 1358 1161">
     <span class='ocr_line' id='line_1_6' title="bbox 189 983 1358 1058; baseline -0.005 -12"><span class='ocrx_word' id='word_1_30' title='bbox 189 1005 287 1046; x_wconf 84' lang='lat' dir='ltr'>verum</span> <span class='ocrx_word' id='word_1_31' title='bbox 302 1001 436 1044; x_wconf 88' lang='lat' dir='ltr'>caesarem</span> <span class='ocrx_word' id='word_1_32' title='bbox 453 983 574 1043; x_wconf 90' lang='lat' dir='ltr'>emolliri</span> <span class='ocrx_word' id='word_1_33' title='bbox 589 1001 647 1043; x_wconf 90' lang='lat' dir='ltr'>non</span> <span class='ocrx_word' id='word_1_34' title='bbox 662 1001 763 1058; x_wconf 90' lang='lat' dir='ltr'>posse,</span> <span class='ocrx_word' id='word_1_35' title='bbox 787 991 820 1042; x_wconf 90' lang='lat' dir='ltr'>ut</span> <span class='ocrx_word' id='word_1_36' title='bbox 838 1001 947 1043; x_wconf 80' lang='lat' dir='ltr'>sununs</span> <span class='ocrx_word' id='word_1_37' title='bbox 968 983 1051 1042; x_wconf 86' lang='lat' dir='ltr'>nobis</span> <span class='ocrx_word' id='word_1_38' title='bbox 1065 985 1204 1058; x_wconf 78' lang='lat' dir='ltr'>imposito</span> <span class='ocrx_word' id='word_1_39' title='bbox 1217 986 1358 1041; x_wconf 57' lang='lat' dir='ltr'>minuero*</span> 
     </span>
     <span class='ocr_line' id='line_1_7' title="bbox 188 1075 1289 1161; baseline -0.003 -13"><span class='ocrx_word' id='word_1_40' title='bbox 188 1098 245 1148; x_wconf 85' lang='lat' dir='ltr'>tur.</span> <span class='ocrx_word' id='word_1_41' title='bbox 270 1091 324 1148; x_wconf 83' lang='lat' dir='ltr'>Ast</span> <span class='ocrx_word' id='word_1_42' title='bbox 339 1091 401 1147; x_wconf 80' lang='lat' dir='ltr'>haec</span> <span class='ocrx_word' id='word_1_43' title='bbox 416 1090 511 1161; x_wconf 89' lang='lat' dir='ltr'>superi</span> <span class='ocrx_word' id='word_1_44' title='bbox 527 1094 643 1161; x_wconf 89' lang='lat' dir='ltr'>norunt,</span> <span class='ocrx_word' id='word_1_45' title='bbox 660 1106 718 1147; x_wconf 93' lang='lat' dir='ltr'>non</span> <span class='ocrx_word' id='word_1_46' title='bbox 734 1101 838 1148; x_wconf 85' lang='lat' dir='ltr'>nouum</span> <span class='ocrx_word' id='word_1_47' title='bbox 854 1075 1011 1148; x_wconf 62' lang='lat' dir='ltr'>est&#39;aulicis</span> <span class='ocrx_word' id='word_1_48' title='bbox 1026 1086 1134 1146; x_wconf 84' lang='lat' dir='ltr'>fumum</span> <span class='ocrx_word' id='word_1_49' title='bbox 1148 1087 1289 1147; x_wconf 84' lang='lat' dir='ltr'>vendere.</span> 
     </span>
    </p>

    <p class='ocr_par' dir='ltr' id='par_1_5' title="bbox 187 1187 1361 1567">
     <span class='ocr_line' id='line_1_8' title="bbox 277 1187 1361 1263; baseline -0.001 -12"><span class='ocrx_word' id='word_1_50' title='bbox 277 1193 417 1251; x_wconf 85' lang='lat' dir='ltr'><strong>Dominus</strong></span> <span class='ocrx_word' id='word_1_51' title='bbox 433 1193 468 1251; x_wconf 89' lang='lat' dir='ltr'>de</span> <span class='ocrx_word' id='word_1_52' title='bbox 483 1192 581 1251; x_wconf 87' lang='lat' dir='ltr'>Blawe</span> <span class='ocrx_word' id='word_1_53' title='bbox 596 1192 702 1252; x_wconf 89' lang='lat' dir='ltr'>dicitur</span> <span class='ocrx_word' id='word_1_54' title='bbox 718 1195 755 1252; x_wconf 91' lang='lat' dir='ltr'>ad</span> <span class='ocrx_word' id='word_1_55' title='bbox 770 1187 928 1253; x_wconf 70' lang='lat' dir='ltr'>custodiam</span> <span class='ocrx_word' id='word_1_56' title='bbox 942 1191 1116 1251; x_wconf 78' lang='lat' dir='ltr'>Merschnlci</span> <span class='ocrx_word' id='word_1_57' title='bbox 1132 1193 1168 1250; x_wconf 88' lang='lat' dir='ltr'>de</span> <span class='ocrx_word' id='word_1_58' title='bbox 1185 1192 1361 1263; x_wconf 85' lang='lat' dir='ltr'>Schomberg&#39;</span> 
     </span>
     <span class='ocr_line' id='line_1_9' title="bbox 187 1290 1358 1372; baseline -0.003 -15"><span class='ocrx_word' id='word_1_59' title='bbox 187 1299 343 1357; x_wconf 84' lang='lat' dir='ltr'>translatus</span> <span class='ocrx_word' id='word_1_60' title='bbox 362 1313 438 1372; x_wconf 88' lang='lat' dir='ltr'>csse,</span> <span class='ocrx_word' id='word_1_61' title='bbox 471 1297 548 1370; x_wconf 87' lang='lat' dir='ltr'>quod</span> <span class='ocrx_word' id='word_1_62' title='bbox 575 1298 745 1357; x_wconf 81' lang='lat' dir='ltr'>remissioris</span> <span class='ocrx_word' id='word_1_63' title='bbox 773 1297 914 1372; x_wconf 78' lang='lat' dir='ltr'>quoddam</span> <span class='ocrx_word' id='word_1_64' title='bbox 940 1290 1028 1356; x_wconf 71' lang='lat' dir='ltr'>anund</span> <span class='ocrx_word' id='word_1_65' title='bbox 1063 1297 1225 1355; x_wconf 80' lang='lat' dir='ltr'>caesareani</span> <span class='ocrx_word' id='word_1_66' title='bbox 1252 1298 1358 1370; x_wconf 87' lang='lat' dir='ltr'>signum</span> 
     </span>
     <span class='ocr_line' id='line_1_10' title="bbox 188 1401 1358 1475; baseline -0.003 -14"><span class='ocrx_word' id='word_1_67' title='bbox 188 1419 251 1462; x_wconf 86' lang='lat' dir='ltr'>csse</span> <span class='ocrx_word' id='word_1_68' title='bbox 266 1402 380 1462; x_wconf 91' lang='lat' dir='ltr'>dicitur.</span> <span class='ocrx_word' id='word_1_69' title='bbox 424 1401 533 1460; x_wconf 86' lang='lat' dir='ltr'>Eadem</span> <span class='ocrx_word' id='word_1_70' title='bbox 558 1401 644 1462; x_wconf 87' lang='lat' dir='ltr'>duces</span> <span class='ocrx_word' id='word_1_71' title='bbox 664 1402 721 1461; x_wconf 89' lang='lat' dir='ltr'>duo</span> <span class='ocrx_word' id='word_1_72' title='bbox 742 1403 887 1475; x_wconf 84' lang='lat' dir='ltr'>peditatus</span> <span class='ocrx_word' id='word_1_73' title='bbox 909 1402 1021 1460; x_wconf 88' lang='lat' dir='ltr'>militiei</span> <span class='ocrx_word' id='word_1_74' title='bbox 1039 1401 1095 1458; x_wconf 89' lang='lat' dir='ltr'>huc</span> <span class='ocrx_word' id='word_1_75' title='bbox 1115 1403 1225 1475; x_wconf 78' lang='lat' dir='ltr'>captivi</span> <span class='ocrx_word' id='word_1_76' title='bbox 1246 1401 1358 1460; x_wconf 84' lang='lat' dir='ltr'>adducti</span> 
     </span>
     <span class='ocr_line' id='line_1_11' title="bbox 188 1513 265 1567; baseline 0.013 -2"><span class='ocrx_word' id='word_1_77' title='bbox 188 1513 265 1567; x_wconf 86' lang='lat' dir='ltr'>sunt.</span> 
     </span>
    </p>

    <p class='ocr_par' dir='ltr' id='par_1_6' title="bbox 277 1608 857 1670">
     <span class='ocr_line' id='line_1_12' title="bbox 277 1608 857 1670; baseline 0 -1"><span class='ocrx_word' id='word_1_78' title='bbox 277 1612 374 1669; x_wconf 79' lang='lat' dir='ltr'>Caesar</span> <span class='ocrx_word' id='word_1_79' title='bbox 388 1610 552 1669; x_wconf 88' lang='lat' dir='ltr'>valetudine</span> <span class='ocrx_word' id='word_1_80' title='bbox 568 1608 685 1668; x_wconf 78' lang='lat' dir='ltr'>affectus</span> <span class='ocrx_word' id='word_1_81' title='bbox 702 1611 857 1670; x_wconf 85' lang='lat' dir='ltr'>dicebatur.</span> 
     </span>
    </p>

    <p class='ocr_par' dir='ltr' id='par_1_7' title="bbox 187 1701 1357 1894">
     <span class='ocr_line' id='line_1_13' title="bbox 276 1701 1357 1788; baseline -0.006 -15"><span class='ocrx_word' id='word_1_82' title='bbox 276 1715 477 1773; x_wconf 86' lang='lat' dir='ltr'>Fcrdinendus</span> <span class='ocrx_word' id='word_1_83' title='bbox 500 1719 606 1788; x_wconf 90' lang='lat' dir='ltr'>praeter</span> <span class='ocrx_word' id='word_1_84' title='bbox 627 1720 750 1788; x_wconf 87' lang='lat' dir='ltr'>quatuor</span> <span class='ocrx_word' id='word_1_85' title='bbox 769 1715 876 1773; x_wconf 84' lang='lat' dir='ltr'>centies</span> <span class='ocrx_word' id='word_1_86' title='bbox 901 1701 1067 1773; x_wconf 46' lang='lat' dir='ltr'>millia‘alia</span> <span class='ocrx_word' id='word_1_87' title='bbox 1088 1719 1213 1773; x_wconf 87' lang='lat' dir='ltr'>centens</span> <span class='ocrx_word' id='word_1_88' title='bbox 1232 1709 1357 1770; x_wconf 88' lang='lat' dir='ltr'>millias</span> 
     </span>
     <span class='ocr_line' id='line_1_14' title="bbox 187 1819 932 1894; baseline 0 -16"><span class='ocrx_word' id='word_1_89' title='bbox 187 1819 309 1878; x_wconf 85' lang='lat' dir='ltr'>statibus</span> <span class='ocrx_word' id='word_1_90' title='bbox 324 1819 436 1891; x_wconf 88' lang='lat' dir='ltr'>imperii</span> <span class='ocrx_word' id='word_1_91' title='bbox 451 1820 482 1875; x_wconf 92' lang='lat' dir='ltr'>in</span> <span class='ocrx_word' id='word_1_92' title='bbox 496 1824 630 1891; x_wconf 90' lang='lat' dir='ltr'>promptu</span> <span class='ocrx_word' id='word_1_93' title='bbox 645 1820 700 1882; x_wconf 89' lang='lat' dir='ltr'>sibi</span> <span class='ocrx_word' id='word_1_94' title='bbox 714 1821 818 1894; x_wconf 89' lang='lat' dir='ltr'>deponi</span> <span class='ocrx_word' id='word_1_95' title='bbox 835 1822 932 1893; x_wconf 87' lang='lat' dir='ltr'>exigit.</span> 
     </span>
    </p>

    <p class='ocr_par' dir='ltr' id='par_1_8' title="bbox 187 1921 1446 2308">
     <span class='ocr_line' id='line_1_15' title="bbox 276 1921 1355 1998; baseline -0.004 -18"><span class='ocrx_word' id='word_1_96' title='bbox 276 1922 385 1980; x_wconf 80' lang='lat' dir='ltr'>lisdem</span> <span class='ocrx_word' id='word_1_97' title='bbox 400 1921 477 1978; x_wconf 92' lang='lat' dir='ltr'>Dido</span> <span class='ocrx_word' id='word_1_98' title='bbox 500 1921 718 1992; x_wconf 87' lang='lat' dir='ltr'>alinicphnsen</span> <span class='ocrx_word' id='word_1_99' title='bbox 737 1925 884 1983; x_wconf 90' lang='lat' dir='ltr'>nobiscum</span> <span class='ocrx_word' id='word_1_100' title='bbox 905 1940 1007 1998; x_wconf 86' lang='lat' dir='ltr'>agere,</span> <span class='ocrx_word' id='word_1_101' title='bbox 1029 1927 1061 1980; x_wconf 87' lang='lat' dir='ltr'>ut</span> <span class='ocrx_word' id='word_1_102' title='bbox 1085 1921 1206 1979; x_wconf 89' lang='lat' dir='ltr'>tutelam</span> <span class='ocrx_word' id='word_1_103' title='bbox 1222 1922 1355 1994; x_wconf 86' lang='lat' dir='ltr'>cognato·</span> 
     </span>
     <span class='ocr_line' id='line_1_16' title="bbox 187 2025 1356 2108; baseline -0.006 -24"><span class='ocrx_word' id='word_1_104' title='bbox 187 2043 251 2084; x_wconf 84' lang='lat' dir='ltr'>rum</span> <span class='ocrx_word' id='word_1_105' title='bbox 267 2031 429 2084; x_wconf 87' lang='lat' dir='ltr'>nostrorum</span> <span class='ocrx_word' id='word_1_106' title='bbox 445 2026 578 2108; x_wconf 88' lang='lat' dir='ltr'>comitum</span> <span class='ocrx_word' id='word_1_107' title='bbox 594 2025 629 2082; x_wconf 90' lang='lat' dir='ltr'>de</span> <span class='ocrx_word' id='word_1_108' title='bbox 644 2025 721 2098; x_wconf 82' lang='lat' dir='ltr'>Hoje</span> <span class='ocrx_word' id='word_1_109' title='bbox 736 2029 879 2101; x_wconf 87' lang='lat' dir='ltr'>suscipere</span> <span class='ocrx_word' id='word_1_110' title='bbox 894 2030 1044 2100; x_wconf 84' lang='lat' dir='ltr'>vellemus,</span> <span class='ocrx_word' id='word_1_111' title='bbox 1069 2026 1245 2096; x_wconf 75' lang='lat' dir='ltr'>conabatur,</span> <span class='ocrx_word' id='word_1_112' title='bbox 1262 2037 1356 2081; x_wconf 87' lang='lat' dir='ltr'>verum</span> 
     </span>
     <span class='ocr_line' id='line_1_17' title="bbox 187 2119 1355 2205; baseline -0.006 -19"><span class='ocrx_word' id='word_1_113' title='bbox 187 2122 251 2186; x_wconf 79' lang='lat' dir='ltr'>cum</span> <span class='ocrx_word' id='word_1_114' title='bbox 275 2129 387 2187; x_wconf 87' lang='lat' dir='ltr'>audiret</span> <span class='ocrx_word' id='word_1_115' title='bbox 407 2119 555 2187; x_wconf 82' lang='lat' dir='ltr'>consilium</span> <span class='ocrx_word' id='word_1_116' title='bbox 574 2131 686 2187; x_wconf 89' lang='lat' dir='ltr'>comitis</span> <span class='ocrx_word' id='word_1_117' title='bbox 706 2129 851 2190; x_wconf 88' lang='lat' dir='ltr'>Wilholmi</span> <span class='ocrx_word' id='word_1_118' title='bbox 873 2139 902 2192; x_wconf 91' lang='lat' dir='ltr'>et</span> <span class='ocrx_word' id='word_1_119' title='bbox 921 2149 985 2205; x_wconf 87' lang='lat' dir='ltr'>qnae</span> <span class='ocrx_word' id='word_1_120' title='bbox 1005 2149 1057 2191; x_wconf 90' lang='lat' dir='ltr'>nos</span> <span class='ocrx_word' id='word_1_121' title='bbox 1073 2131 1257 2204; x_wconf 88' lang='lat' dir='ltr'>negotiorum</span> <span class='ocrx_word' id='word_1_122' title='bbox 1271 2124 1355 2184; x_wconf 85' lang='lat' dir='ltr'>moles</span> 
     </span>
     <span class='ocr_line' id='line_1_18' title="bbox 188 2213 1446 2308; baseline 0 -16"><span class='ocrx_word' id='word_1_123' title='bbox 188 2238 341 2308; x_wconf 89' lang='lat' dir='ltr'>premeret,</span> <span class='ocrx_word' id='word_1_124' title='bbox 357 2233 472 2292; x_wconf 89' lang='lat' dir='ltr'>tandem</span> <span class='ocrx_word' id='word_1_125' title='bbox 487 2233 532 2292; x_wconf 94' lang='lat' dir='ltr'>his</span> <span class='ocrx_word' id='word_1_126' title='bbox 548 2233 717 2306; x_wconf 85' lang='lat' dir='ltr'>supersedit.</span> <span class='ocrx_word' id='word_1_127' title='bbox 1445 2213 1446 2228; x_wconf 41' lang='lat'>³</span> 
     </span>
    </p>

    <p class='ocr_par' dir='ltr' id='par_1_9' title="bbox 187 2315 1355 2520">
     <span class='ocr_line' id='line_1_19' title="bbox 276 2315 1355 2414; baseline -0.006 -18"><span class='ocrx_word' id='word_1_128' title='bbox 276 2339 355 2396; x_wconf 81' lang='lat' dir='ltr'>Nota</span> <span class='ocrx_word' id='word_1_129' title='bbox 370 2315 505 2412; x_wconf 81' lang='lat' dir='ltr'>quicquid</span> <span class='ocrx_word' id='word_1_130' title='bbox 519 2339 651 2398; x_wconf 86' lang='lat' dir='ltr'>comitum</span> <span class='ocrx_word' id='word_1_131' title='bbox 667 2357 685 2398; x_wconf 89' lang='lat' dir='ltr'>a</span> <span class='ocrx_word' id='word_1_132' title='bbox 700 2339 841 2400; x_wconf 86' lang='lat' dir='ltr'>Waldeok</span> <span class='ocrx_word' id='word_1_133' title='bbox 857 2341 988 2414; x_wconf 84' lang='lat' dir='ltr'>querelas</span> <span class='ocrx_word' id='word_1_134' title='bbox 1009 2340 1055 2399; x_wconf 82' lang='lat' dir='ltr'>vel</span> <span class='ocrx_word' id='word_1_135' title='bbox 1075 2339 1229 2414; x_wconf 86' lang='lat' dir='ltr'>privilegia</span> <span class='ocrx_word' id='word_1_136' title='bbox 1244 2348 1355 2396; x_wconf 87' lang='lat' dir='ltr'>concer-</span> 
     </span>
     <span class='ocr_line' id='line_1_20' title="bbox 187 2437 971 2520; baseline 0.004 -21"><span class='ocrx_word' id='word_1_137' title='bbox 187 2437 240 2516; x_wconf 90' lang='lat' dir='ltr'>nit,</span> <span class='ocrx_word' id='word_1_138' title='bbox 258 2459 332 2501; x_wconf 90' lang='lat' dir='ltr'>nunc</span> <span class='ocrx_word' id='word_1_139' title='bbox 348 2459 384 2501; x_wconf 88' lang='lat' dir='ltr'>ex</span> <span class='ocrx_word' id='word_1_140' title='bbox 399 2443 522 2502; x_wconf 87' lang='lat' dir='ltr'>archivis</span> <span class='ocrx_word' id='word_1_141' title='bbox 536 2461 658 2503; x_wconf 86' lang='lat' dir='ltr'>camerae</span> <span class='ocrx_word' id='word_1_142' title='bbox 673 2446 787 2520; x_wconf 83' lang='lat' dir='ltr'>imperii</span> <span class='ocrx_word' id='word_1_143' title='bbox 802 2447 971 2518; x_wconf 86' lang='lat' dir='ltr'>exquiritur.</span> 
     </span>
    </p>

    <p class='ocr_par' dir='ltr' id='par_1_10' title="bbox 198 2541 828 2608">
     <span class='ocr_line' id='line_1_21' title="bbox 198 2541 828 2608; baseline 0.002 -2"><span class='ocrx_word' id='word_1_144' title='bbox 198 2541 200 2546; x_wconf 76' lang='grc'><strong>’</strong></span> <span class='ocrx_word' id='word_1_145' title='bbox 276 2547 386 2606; x_wconf 88' lang='lat' dir='ltr'>Eadem</span> <span class='ocrx_word' id='word_1_146' title='bbox 401 2548 551 2607; x_wconf 88' lang='lat' dir='ltr'>Nicolaum</span> <span class='ocrx_word' id='word_1_147' title='bbox 565 2548 659 2608; x_wconf 89' lang='lat' dir='ltr'>Maier</span> <span class='ocrx_word' id='word_1_148' title='bbox 673 2548 828 2607; x_wconf 86' lang='lat' dir='ltr'>invisimus.</span> 
     </span>
    </p>

    <p class='ocr_par' dir='ltr' id='par_1_11' title="bbox 188 2651 1356 2932">
     <span class='ocr_line' id='line_1_22' title="bbox 277 2651 1354 2726; baseline -0.004 -17"><span class='ocrx_word' id='word_1_149' title='bbox 277 2651 447 2710; x_wconf 90' lang='lat' dir='ltr'>Wiihelmns</span> <span class='ocrx_word' id='word_1_150' title='bbox 462 2669 555 2712; x_wconf 92' lang='lat' dir='ltr'>comes</span> <span class='ocrx_word' id='word_1_151' title='bbox 576 2670 593 2711; x_wconf 85' lang='lat' dir='ltr'>a</span> <span class='ocrx_word' id='word_1_152' title='bbox 612 2652 818 2726; x_wconf 88' lang='lat' dir='ltr'>Witgenstein,</span> <span class='ocrx_word' id='word_1_153' title='bbox 839 2652 980 2710; x_wconf 86' lang='lat' dir='ltr'>Ernestus</span> <span class='ocrx_word' id='word_1_154' title='bbox 1000 2667 1093 2710; x_wconf 89' lang='lat' dir='ltr'>comes</span> <span class='ocrx_word' id='word_1_155' title='bbox 1113 2669 1131 2710; x_wconf 81' lang='lat' dir='ltr'>a</span> <span class='ocrx_word' id='word_1_156' title='bbox 1152 2651 1354 2718; x_wconf 79' lang='lat' dir='ltr'>Sdhanmhcrg,</span> 
     </span>
     <span class='ocr_line' id='line_1_23' title="bbox 188 2749 1356 2842; baseline -0.006 -28"><span class='ocrx_word' id='word_1_157' title='bbox 188 2757 338 2832; x_wconf 91' lang='lat' dir='ltr'>Philippus</span> <span class='ocrx_word' id='word_1_158' title='bbox 353 2762 382 2814; x_wconf 93' lang='lat' dir='ltr'>et</span> <span class='ocrx_word' id='word_1_159' title='bbox 396 2757 526 2816; x_wconf 89' lang='lat' dir='ltr'>Eubulus</span> <span class='ocrx_word' id='word_1_160' title='bbox 548 2773 601 2842; x_wconf 76' lang='lat' dir='ltr'>neo</span> <span class='ocrx_word' id='word_1_161' title='bbox 621 2749 677 2815; x_wconf 88' lang='lat' dir='ltr'>non</span> <span class='ocrx_word' id='word_1_162' title='bbox 693 2756 769 2816; x_wconf 87' lang='lat' dir='ltr'>Dido</span> <span class='ocrx_word' id='word_1_163' title='bbox 790 2755 1027 2830; x_wconf 83' lang='lat' dir='ltr'>eliniephausen</span> <span class='ocrx_word' id='word_1_164' title='bbox 1050 2757 1126 2831; x_wconf 90' lang='lat' dir='ltr'>apud</span> <span class='ocrx_word' id='word_1_165' title='bbox 1141 2757 1274 2815; x_wconf 84' lang='lat' dir='ltr'>comitem</span> <span class='ocrx_word' id='word_1_166' title='bbox 1289 2749 1356 2812; x_wconf 86' lang='lat' dir='ltr'>Wil-</span> 
     </span>
     <span class='ocr_line' id='line_1_24' title="bbox 188 2859 722 2932; baseline 0.004 -16"><span class='ocrx_word' id='word_1_167' title='bbox 188 2861 311 2918; x_wconf 91' lang='lat' dir='ltr'>helmum</span> <span class='ocrx_word' id='word_1_168' title='bbox 325 2859 362 2918; x_wconf 85' lang='lat' dir='ltr'>ab</span> <span class='ocrx_word' id='word_1_169' title='bbox 377 2860 518 2918; x_wconf 84' lang='lat' dir='ltr'>Ansxone</span> <span class='ocrx_word' id='word_1_170' title='bbox 532 2863 631 2932; x_wconf 84' lang='lat' dir='ltr'>pransi</span> <span class='ocrx_word' id='word_1_171' title='bbox 647 2865 722 2918; x_wconf 86' lang='lat' dir='ltr'>sunt.</span> 
     </span>
    </p>

    <p class='ocr_par' dir='ltr' id='par_1_12' title="bbox 276 2963 900 3037">
     <span class='ocr_line' id='line_1_25' title="bbox 276 2963 900 3037; baseline 0.003 -17"><span class='ocrx_word' id='word_1_172' title='bbox 276 2965 387 3035; x_wconf 85' lang='lat' dir='ltr'>Viglius</span> <span class='ocrx_word' id='word_1_173' title='bbox 403 2965 481 3037; x_wconf 87' lang='lat' dir='ltr'>apud</span> <span class='ocrx_word' id='word_1_174' title='bbox 497 2963 695 3021; x_wconf 80' lang='lat' dir='ltr'>coloniensem</span> <span class='ocrx_word' id='word_1_175' title='bbox 710 2979 832 3036; x_wconf 89' lang='lat' dir='ltr'>pransus</span> <span class='ocrx_word' id='word_1_176' title='bbox 848 2969 900 3022; x_wconf 86' lang='lat' dir='ltr'>est.</span> 
     </span>
    </p>

    <p class='ocr_par' dir='ltr' id='par_1_13' title="bbox 193 3060 1355 3230">
     <span class='ocr_line' id='line_1_26' title="bbox 276 3060 1355 3150; baseline 0.003 -27"><span class='ocrx_word' id='word_1_177' title='bbox 276 3065 386 3150; x_wconf 82' lang='lat' dir='ltr'>Eadem</span> <span class='ocrx_word' id='word_1_178' title='bbox 402 3068 540 3125; x_wconf 89' lang='lat' dir='ltr'>electores</span> <span class='ocrx_word' id='word_1_179' title='bbox 555 3081 690 3124; x_wconf 77' lang='lat' dir='ltr'>causamn</span> <span class='ocrx_word' id='word_1_180' title='bbox 706 3066 819 3142; x_wconf 86' lang='lat' dir='ltr'>adiere,</span> <span class='ocrx_word' id='word_1_181' title='bbox 842 3071 954 3127; x_wconf 73' lang='lat' dir='ltr'>vertiam</span> <span class='ocrx_word' id='word_1_182' title='bbox 968 3071 1087 3144; x_wconf 89' lang='lat' dir='ltr'>petituri</span> <span class='ocrx_word' id='word_1_183' title='bbox 1103 3068 1218 3131; x_wconf 90' lang='lat' dir='ltr'>domum</span> <span class='ocrx_word' id='word_1_184' title='bbox 1233 3060 1355 3130; x_wconf 82' lang='lat' dir='ltr'>abeundi</span> 
     </span>
     <span class='ocr_line' id='line_1_27' title="bbox 193 3170 526 3230; baseline -0.006 0"><span class='ocrx_word' id='word_1_185' title='bbox 193 3176 223 3230; x_wconf 89' lang='lat' dir='ltr'>et</span> <span class='ocrx_word' id='word_1_186' title='bbox 237 3170 275 3230; x_wconf 86' lang='lat' dir='ltr'>ed</span> <span class='ocrx_word' id='word_1_187' title='bbox 290 3186 356 3229; x_wconf 91' lang='lat' dir='ltr'>suos</span> <span class='ocrx_word' id='word_1_188' title='bbox 370 3170 526 3230; x_wconf 87' lang='lat' dir='ltr'>remeandi.</span> 
     </span>
    </p>

    <p class='ocr_par' dir='ltr' id='par_1_14' title="bbox 187 3269 1443 4502">
     <span class='ocr_line' id='line_1_28' title="bbox 197 3269 1414 3360; baseline -0.005 -26"><span class='ocrx_word' id='word_1_189' title='bbox 197 3269 199 3272; x_wconf 67' lang='grc'><strong>’</strong></span> <span class='ocrx_word' id='word_1_190' title='bbox 278 3275 326 3348; x_wconf 85' lang='lat' dir='ltr'>viij</span> <span class='ocrx_word' id='word_1_191' title='bbox 341 3272 421 3333; x_wconf 87' lang='lat' dir='ltr'>Junii</span> <span class='ocrx_word' id='word_1_192' title='bbox 436 3272 625 3348; x_wconf 79' lang='lat' dir='ltr'>wolfgangus</span> <span class='ocrx_word' id='word_1_193' title='bbox 647 3275 795 3334; x_wconf 85' lang='lat' dir='ltr'>Masculus</span> <span class='ocrx_word' id='word_1_194' title='bbox 817 3291 853 3336; x_wconf 87' lang='lat' dir='ltr'>ex</span> <span class='ocrx_word' id='word_1_195' title='bbox 873 3293 937 3352; x_wconf 86' lang='lat' dir='ltr'>cap.</span> <span class='ocrx_word' id='word_1_196' title='bbox 957 3277 995 3336; x_wconf 84' lang='lat'>15</span> <span class='ocrx_word' id='word_1_197' title='bbox 1012 3278 1132 3337; x_wconf 86' lang='lat' dir='ltr'>Joannis</span> <span class='ocrx_word' id='word_1_198' title='bbox 1151 3279 1228 3337; x_wconf 88' lang='lat' dir='ltr'>hune</span> <span class='ocrx_word' id='word_1_199' title='bbox 1250 3281 1354 3338; x_wconf 84' lang='lat' dir='ltr'>textum</span> <span class='ocrx_word' id='word_1_200' title='bbox 1407 3345 1414 3360; x_wconf 17' lang='grc' dir='ltr'>ἢ</span> 
     </span>
     <span class='ocr_line' id='line_1_29' title="bbox 191 3375 1355 3456; baseline -0.002 -17"><span class='ocrx_word' id='word_1_201' title='bbox 191 3380 269 3439; x_wconf 78' lang='lat' dir='ltr'>»Vos</span> <span class='ocrx_word' id='word_1_202' title='bbox 284 3379 366 3438; x_wconf 88' lang='lat' dir='ltr'>amici</span> <span class='ocrx_word' id='word_1_203' title='bbox 381 3378 436 3436; x_wconf 86' lang='lat' dir='ltr'>mei</span> <span class='ocrx_word' id='word_1_204' title='bbox 452 3378 537 3452; x_wconf 90' lang='lat' dir='ltr'>estis,</span> <span class='ocrx_word' id='word_1_205' title='bbox 558 3380 583 3436; x_wconf 89' lang='lat' dir='ltr'>si</span> <span class='ocrx_word' id='word_1_206' title='bbox 602 3375 727 3438; x_wconf 88' lang='lat' dir='ltr'>feceritis</span> <span class='ocrx_word' id='word_1_207' title='bbox 750 3397 927 3454; x_wconf 83' lang='lat' dir='ltr'>quaeounque</span> <span class='ocrx_word' id='word_1_208' title='bbox 944 3399 996 3456; x_wconf 92' lang='lat' dir='ltr'>ego</span> <span class='ocrx_word' id='word_1_209' title='bbox 1011 3383 1147 3456; x_wconf 83' lang='lat' dir='ltr'>praecipio</span> <span class='ocrx_word' id='word_1_210' title='bbox 1163 3383 1255 3442; x_wconf 87' lang='lat' dir='ltr'>vobis.</span> <span class='ocrx_word' id='word_1_211' title='bbox 1293 3376 1355 3437; x_wconf 83' lang='lat' dir='ltr'>Non</span> 
     </span>
     <span class='ocr_line' id='line_1_30' title="bbox 188 3467 1443 3561; baseline -0.005 -16"><span class='ocrx_word' id='word_1_212' title='bbox 188 3485 308 3561; x_wconf 88' lang='lat' dir='ltr'>posthac</span> <span class='ocrx_word' id='word_1_213' title='bbox 323 3501 374 3544; x_wconf 83' lang='lat' dir='ltr'>vos</span> <span class='ocrx_word' id='word_1_214' title='bbox 389 3483 452 3542; x_wconf 90' lang='lat' dir='ltr'>dico</span> <span class='ocrx_word' id='word_1_215' title='bbox 468 3501 579 3558; x_wconf 84' lang='lat' dir='ltr'>servos,</span> <span class='ocrx_word' id='word_1_216' title='bbox 602 3485 669 3558; x_wconf 89' lang='lat' dir='ltr'>quia</span> <span class='ocrx_word' id='word_1_217' title='bbox 691 3501 789 3544; x_wconf 88' lang='lat' dir='ltr'>servus</span> <span class='ocrx_word' id='word_1_218' title='bbox 805 3487 912 3558; x_wconf 87' lang='lat' dir='ltr'>nescit,</span> <span class='ocrx_word' id='word_1_219' title='bbox 938 3486 1006 3559; x_wconf 89' lang='lat' dir='ltr'>quid</span> <span class='ocrx_word' id='word_1_220' title='bbox 1028 3486 1116 3546; x_wconf 90' lang='lat' dir='ltr'>iaciat</span> <span class='ocrx_word' id='word_1_221' title='bbox 1135 3467 1268 3546; x_wconf 87' lang='lat' dir='ltr'>dominns</span> <span class='ocrx_word' id='word_1_222' title='bbox 1286 3484 1352 3556; x_wconf 87' lang='lat' dir='ltr'>ejus.</span> <span class='ocrx_word' id='word_1_223' title='bbox 1442 3489 1443 3516; x_wconf 69' lang='lat'><em>³</em></span> 
     </span>
     <span class='ocr_line' id='line_1_31' title="bbox 187 3583 1354 3665; baseline -0.005 -16"><span class='ocrx_word' id='word_1_224' title='bbox 187 3591 247 3649; x_wconf 87' lang='lat' dir='ltr'>Vos</span> <span class='ocrx_word' id='word_1_225' title='bbox 263 3595 358 3648; x_wconf 87' lang='lat' dir='ltr'>autem</span> <span class='ocrx_word' id='word_1_226' title='bbox 374 3589 433 3651; x_wconf 87' lang='lat' dir='ltr'>dixi</span> <span class='ocrx_word' id='word_1_227' title='bbox 447 3592 569 3664; x_wconf 85' lang='lat' dir='ltr'>amicos,</span> <span class='ocrx_word' id='word_1_228' title='bbox 593 3593 641 3664; x_wconf 90' lang='lat' dir='ltr'>qui</span> <span class='ocrx_word' id='word_1_229' title='bbox 657 3587 768 3664; x_wconf 89' lang='lat' dir='ltr'>omnia,</span> <span class='ocrx_word' id='word_1_230' title='bbox 793 3607 857 3664; x_wconf 87' lang='lat' dir='ltr'>quae</span> <span class='ocrx_word' id='word_1_231' title='bbox 882 3591 979 3650; x_wconf 82' lang='lat' dir='ltr'>audivi</span> <span class='ocrx_word' id='word_1_232' title='bbox 994 3607 1012 3650; x_wconf 88' lang='lat' dir='ltr'>a</span> <span class='ocrx_word' id='word_1_233' title='bbox 1027 3595 1112 3665; x_wconf 86' lang='lat' dir='ltr'>patre</span> <span class='ocrx_word' id='word_1_234' title='bbox 1124 3608 1197 3665; x_wconf 89' lang='lat' dir='ltr'>meo,</span> <span class='ocrx_word' id='word_1_235' title='bbox 1221 3597 1290 3650; x_wconf 85' lang='lat' dir='ltr'>nota</span> <span class='ocrx_word' id='word_1_236' title='bbox 1303 3583 1354 3644; x_wconf 85' lang='lat' dir='ltr'>ieci</span> 
     </span>
     <span class='ocr_line' id='line_1_32' title="bbox 188 3686 1353 3768; baseline -0.001 -19"><span class='ocrx_word' id='word_1_237' title='bbox 188 3693 301 3764; x_wconf 81' lang='lat' dir='ltr'>vohis«,</span> <span class='ocrx_word' id='word_1_238' title='bbox 317 3695 473 3751; x_wconf 83' lang='lat' dir='ltr'>enarravit.</span> <span class='ocrx_word' id='word_1_239' title='bbox 510 3695 593 3753; x_wconf 81' lang='lat' dir='ltr'>Dixit</span> <span class='ocrx_word' id='word_1_240' title='bbox 610 3695 710 3768; x_wconf 84' lang='lat' dir='ltr'>itaque</span> <span class='ocrx_word' id='word_1_241' title='bbox 724 3694 868 3754; x_wconf 80' lang='lat' dir='ltr'>Christum</span> <span class='ocrx_word' id='word_1_242' title='bbox 893 3695 1038 3755; x_wconf 87' lang='lat' dir='ltr'>dominum</span> <span class='ocrx_word' id='word_1_243' title='bbox 1057 3695 1113 3755; x_wconf 92' lang='lat' dir='ltr'>duo</span> <span class='ocrx_word' id='word_1_244' title='bbox 1135 3695 1197 3752; x_wconf 80' lang='lat' dir='ltr'>haec</span> <span class='ocrx_word' id='word_1_245' title='bbox 1212 3686 1353 3767; x_wconf 85' lang='lat' dir='ltr'>discipulis</span> 
     </span>
     <span class='ocr_line' id='line_1_33' title="bbox 189 3787 1354 3868; baseline -0.003 -16"><span class='ocrx_word' id='word_1_246' title='bbox 189 3796 387 3868; x_wconf 88' lang='lat' dir='ltr'>proposuisse,</span> <span class='ocrx_word' id='word_1_247' title='bbox 414 3797 521 3854; x_wconf 88' lang='lat' dir='ltr'>scilicet</span> <span class='ocrx_word' id='word_1_248' title='bbox 544 3803 576 3856; x_wconf 86' lang='lat' dir='ltr'>ut</span> <span class='ocrx_word' id='word_1_249' title='bbox 594 3800 759 3858; x_wconf 78' lang='lat' dir='ltr'>mandatnm</span> <span class='ocrx_word' id='word_1_250' title='bbox 780 3799 815 3858; x_wconf 95' lang='lat' dir='ltr'>de</span> <span class='ocrx_word' id='word_1_251' title='bbox 836 3797 989 3859; x_wconf 87' lang='lat' dir='ltr'>dilectione</span> <span class='ocrx_word' id='word_1_252' title='bbox 1016 3800 1202 3858; x_wconf 80' lang='lat' dir='ltr'>observarent</span> <span class='ocrx_word' id='word_1_253' title='bbox 1224 3805 1254 3858; x_wconf 88' lang='lat' dir='ltr'>et</span> <span class='ocrx_word' id='word_1_254' title='bbox 1275 3787 1354 3856; x_wconf 89' lang='lat' dir='ltr'>simul</span> 
     </span>
     <span class='ocr_line' id='line_1_34' title="bbox 190 3895 1352 3978; baseline -0.001 -23"><span class='ocrx_word' id='word_1_255' title='bbox 190 3895 266 3970; x_wconf 90' lang='lat' dir='ltr'>quod</span> <span class='ocrx_word' id='word_1_256' title='bbox 281 3911 313 3954; x_wconf 88' lang='lat' dir='ltr'>re</span> <span class='ocrx_word' id='word_1_257' title='bbox 327 3895 392 3968; x_wconf 88' lang='lat' dir='ltr'>ipsa</span> <span class='ocrx_word' id='word_1_258' title='bbox 406 3903 514 3970; x_wconf 87' lang='lat' dir='ltr'>quanta</span> <span class='ocrx_word' id='word_1_259' title='bbox 528 3899 679 3961; x_wconf 89' lang='lat' dir='ltr'>dilectione</span> <span class='ocrx_word' id='word_1_260' title='bbox 695 3919 760 3960; x_wconf 88' lang='lat' dir='ltr'>suos</span> <span class='ocrx_word' id='word_1_261' title='bbox 777 3903 924 3978; x_wconf 77' lang='lat' dir='ltr'>diligeret,</span> <span class='ocrx_word' id='word_1_262' title='bbox 946 3905 1047 3976; x_wconf 88' lang='lat' dir='ltr'>utique</span> <span class='ocrx_word' id='word_1_263' title='bbox 1067 3920 1119 3977; x_wconf 93' lang='lat' dir='ltr'>pro</span> <span class='ocrx_word' id='word_1_264' title='bbox 1136 3901 1238 3976; x_wconf 89' lang='lat' dir='ltr'>quibus</span> <span class='ocrx_word' id='word_1_265' title='bbox 1254 3897 1352 3962; x_wconf 89' lang='lat' dir='ltr'>dulcis·</span> 
     </span>
     <span class='ocr_line' id='line_1_35' title="bbox 189 4003 1351 4078; baseline 0.009 -16"><span class='ocrx_word' id='word_1_266' title='bbox 189 4005 290 4062; x_wconf 90' lang='lat' dir='ltr'>simam</span> <span class='ocrx_word' id='word_1_267' title='bbox 303 4003 391 4060; x_wconf 80' lang='lat' dir='ltr'>uitam</span> <span class='ocrx_word' id='word_1_268' title='bbox 405 4018 513 4075; x_wconf 90' lang='lat' dir='ltr'>ponere</span> <span class='ocrx_word' id='word_1_269' title='bbox 527 4011 645 4075; x_wconf 85' lang='lat' dir='ltr'>paratus</span> <span class='ocrx_word' id='word_1_270' title='bbox 660 4005 706 4078; x_wconf 87' lang='lat' dir='ltr'>sit,</span> <span class='ocrx_word' id='word_1_271' title='bbox 723 4007 896 4066; x_wconf 90' lang='lat' dir='ltr'>ostenderet.</span> <span class='ocrx_word' id='word_1_272' title='bbox 925 4006 1037 4066; x_wconf 89' lang='lat' dir='ltr'>Deinde</span> <span class='ocrx_word' id='word_1_273' title='bbox 1052 4012 1085 4064; x_wconf 92' lang='lat' dir='ltr'>nt</span> <span class='ocrx_word' id='word_1_274' title='bbox 1099 4008 1123 4064; x_wconf 92' lang='lat' dir='ltr'>si</span> <span class='ocrx_word' id='word_1_275' title='bbox 1138 4023 1204 4066; x_wconf 89' lang='lat' dir='ltr'>eum</span> <span class='ocrx_word' id='word_1_276' title='bbox 1218 4003 1351 4071; x_wconf 72' lang='lat' dir='ltr'>amarent,</span> 
     </span>
     <span class='ocr_line' id='line_1_36' title="bbox 189 4107 1441 4180; baseline 0 -14"><span class='ocrx_word' id='word_1_277' title='bbox 189 4112 333 4180; x_wconf 80' lang='lat' dir='ltr'>praecepta</span> <span class='ocrx_word' id='word_1_278' title='bbox 353 4107 414 4180; x_wconf 87' lang='lat' dir='ltr'>ejus</span> <span class='ocrx_word' id='word_1_279' title='bbox 434 4112 599 4180; x_wconf 87' lang='lat' dir='ltr'>servarent,</span> <span class='ocrx_word' id='word_1_280' title='bbox 627 4107 657 4164; x_wconf 91' lang='lat' dir='ltr'>in</span> <span class='ocrx_word' id='word_1_281' title='bbox 672 4123 742 4166; x_wconf 85' lang='lat' dir='ltr'>vera</span> <span class='ocrx_word' id='word_1_282' title='bbox 762 4109 836 4167; x_wconf 90' lang='lat' dir='ltr'>enim</span> <span class='ocrx_word' id='word_1_283' title='bbox 851 4109 976 4169; x_wconf 88' lang='lat' dir='ltr'>amicitia</span> <span class='ocrx_word' id='word_1_284' title='bbox 991 4111 1048 4169; x_wconf 90' lang='lat' dir='ltr'>dno</span> <span class='ocrx_word' id='word_1_285' title='bbox 1063 4110 1124 4168; x_wconf 88' lang='lat' dir='ltr'>haec</span> <span class='ocrx_word' id='word_1_286' title='bbox 1140 4113 1291 4171; x_wconf 89' lang='lat' dir='ltr'>convenire</span> <span class='ocrx_word' id='word_1_287' title='bbox 1305 4107 1350 4166; x_wconf 87' lang='lat' dir='ltr'>de·</span> <span class='ocrx_word' id='word_1_288' title='bbox 1440 4177 1441 4180; x_wconf 8' lang='grc' dir='ltr'><strong>Ἴ</strong></span> 
     </span>
     <span class='ocr_line' id='line_1_37' title="bbox 188 4183 1441 4290; baseline 0.006 -22"><span class='ocrx_word' id='word_1_289' title='bbox 188 4211 271 4286; x_wconf 88' lang='lat' dir='ltr'>here,</span> <span class='ocrx_word' id='word_1_290' title='bbox 294 4213 416 4284; x_wconf 89' lang='lat' dir='ltr'>primum</span> <span class='ocrx_word' id='word_1_291' title='bbox 431 4215 464 4269; x_wconf 90' lang='lat' dir='ltr'>ut</span> <span class='ocrx_word' id='word_1_292' title='bbox 478 4211 515 4284; x_wconf 91' lang='lat' dir='ltr'>is,</span> <span class='ocrx_word' id='word_1_293' title='bbox 534 4210 582 4282; x_wconf 89' lang='lat' dir='ltr'>qni</span> <span class='ocrx_word' id='word_1_294' title='bbox 597 4214 687 4284; x_wconf 86' lang='lat' dir='ltr'>amat,</span> <span class='ocrx_word' id='word_1_295' title='bbox 705 4211 780 4285; x_wconf 86' lang='lat' dir='ltr'>ejus,</span> <span class='ocrx_word' id='word_1_296' title='bbox 797 4227 880 4284; x_wconf 88' lang='lat' dir='ltr'>quem</span> <span class='ocrx_word' id='word_1_297' title='bbox 895 4220 987 4288; x_wconf 85' lang='lat' dir='ltr'>amat,</span> <span class='ocrx_word' id='word_1_298' title='bbox 1010 4214 1169 4289; x_wconf 87' lang='lat' dir='ltr'>proiectum</span> <span class='ocrx_word' id='word_1_299' title='bbox 1184 4221 1303 4290; x_wconf 71' lang='lat' dir='ltr'>querat,</span> <span class='ocrx_word' id='word_1_300' title='bbox 1325 4212 1352 4268; x_wconf 70' lang='lat' dir='ltr'>ci</span> <span class='ocrx_word' id='word_1_301' title='bbox 1440 4183 1441 4259; x_wconf 52' lang='lat' dir='ltr'>i</span> 
     </span>
     <span class='ocr_line' id='line_1_38' title="bbox 189 4314 1349 4394; baseline 0.004 -23"><span class='ocrx_word' id='word_1_302' title='bbox 189 4315 219 4372; x_wconf 90' lang='lat' dir='ltr'>in</span> <span class='ocrx_word' id='word_1_303' title='bbox 234 4314 363 4373; x_wconf 89' lang='lat' dir='ltr'>omnihus</span> <span class='ocrx_word' id='word_1_304' title='bbox 379 4315 470 4390; x_wconf 86' lang='lat' dir='ltr'>eidem</span> <span class='ocrx_word' id='word_1_305' title='bbox 485 4316 558 4374; x_wconf 91' lang='lat' dir='ltr'>bene</span> <span class='ocrx_word' id='word_1_306' title='bbox 572 4314 654 4387; x_wconf 81' lang='lat' dir='ltr'>velit3</span> <span class='ocrx_word' id='word_1_307' title='bbox 671 4315 793 4374; x_wconf 86' lang='lat' dir='ltr'>alterum</span> <span class='ocrx_word' id='word_1_308' title='bbox 803 4322 836 4376; x_wconf 89' lang='lat' dir='ltr'>ut</span> <span class='ocrx_word' id='word_1_309' title='bbox 845 4319 879 4391; x_wconf 89' lang='lat' dir='ltr'>is,</span> <span class='ocrx_word' id='word_1_310' title='bbox 897 4319 946 4392; x_wconf 88' lang='lat' dir='ltr'>qui</span> <span class='ocrx_word' id='word_1_311' title='bbox 960 4319 1098 4394; x_wconf 86' lang='lat' dir='ltr'>diligitur,</span> <span class='ocrx_word' id='word_1_312' title='bbox 1116 4322 1294 4381; x_wconf 82' lang='lat' dir='ltr'>adamantem</span> <span class='ocrx_word' id='word_1_313' title='bbox 1308 4332 1349 4376; x_wconf 87' lang='lat' dir='ltr'>re·</span> 
     </span>
     <span class='ocr_line' id='line_1_39' title="bbox 189 4415 1351 4502; baseline 0.002 -24"><span class='ocrx_word' id='word_1_314' title='bbox 189 4415 284 4478; x_wconf 86' lang='lat' dir='ltr'>damet</span> <span class='ocrx_word' id='word_1_315' title='bbox 299 4425 328 4478; x_wconf 89' lang='lat' dir='ltr'>et</span> <span class='ocrx_word' id='word_1_316' title='bbox 349 4425 447 4481; x_wconf 81' lang='lat' dir='ltr'>mutue</span> <span class='ocrx_word' id='word_1_317' title='bbox 466 4420 641 4493; x_wconf 84' lang='lat' dir='ltr'>gratitudine</span> <span class='ocrx_word' id='word_1_318' title='bbox 662 4437 732 4493; x_wconf 86' lang='lat' dir='ltr'>erga</span> <span class='ocrx_word' id='word_1_319' title='bbox 752 4422 845 4494; x_wconf 88' lang='lat' dir='ltr'>ipsum</span> <span class='ocrx_word' id='word_1_320' title='bbox 858 4421 976 4482; x_wconf 79' lang='lat' dir='ltr'>affectus</span> <span class='ocrx_word' id='word_1_321' title='bbox 999 4425 1045 4483; x_wconf 87' lang='lat' dir='ltr'>sit.</span> <span class='ocrx_word' id='word_1_322' title='bbox 1083 4425 1168 4499; x_wconf 87' lang='lat' dir='ltr'>Nam,</span> <span class='ocrx_word' id='word_1_323' title='bbox 1184 4426 1284 4502; x_wconf 84' lang='lat' dir='ltr'>inquit,</span> <span class='ocrx_word' id='word_1_324' title='bbox 1300 4423 1351 4480; x_wconf 79' lang='lat' dir='ltr'>ista</span> 
     </span>
    </p>
   </div>
   <div class='ocr_carea' id='block_1_4' title="bbox 0 0 1474 4900">
    <p class='ocr_par' dir='ltr' id='par_1_15' title="bbox 0 0 1474 4900">
     <span class='ocr_line' id='line_1_40' title="bbox 0 0 1474 4900; baseline 0 0"><span class='ocrx_word' id='word_1_325' title='bbox 0 0 1474 4900; x_wconf 95' lang='lat' dir='ltr'> </span> 
     </span>
    </p>
   </div>
  </div>
 </body>
</html>
