3028 4894
765 327 808 394 58

201 514 304 574 animis
319 510 356 572 ad
376 512 522 572 coelestem
540 511 663 585 patriam
683 509 780 571 redire
800 511 955 585 cupiamus,
979 515 1012 568 ut
1031 508 1147 569 andem
1167 523 1243 570 vere
1267 523 1286 568 a
1306 507 1382 565 malo

200 619 362 678 liberemur.
398 619 518 678 Interim
538 632 638 676 carnes
658 631 737 676 meas
757 618 858 676 timore
878 617 922 674 tui
940 611 1060 688 confige,
1084 615 1152 673 mibi
1173 611 1326 701 refugium
1345 613 1383 669 sis

200 732 230 784 et
243 725 344 785 virtus.
375 723 450 782 Nam
469 738 527 782 non
545 723 601 779 nisi
621 722 651 778 in
665 721 860 780 misericordia
875 726 925 779 tua
940 721 1030 778 virtus
1044 735 1109 778 mea
1123 719 1275 778 consistit.
1309 715 1381 776 (lon-

199 830 270 889 cede
291 829 373 901 mibi,
398 833 428 886 et
447 825 554 900 populo
574 831 625 884 tuo
646 830 675 883 et
694 825 791 885 domui
810 841 881 885 meae
901 827 943 884 ita
961 840 1095 898 praeesse,
1118 830 1150 883 ut
1170 839 1279 882 omues
1304 825 1383 880 aetus

200 935 293 993 nostri
314 933 413 1006 gloriae
437 935 495 988 tuse
521 931 656 988 serviant.
694 929 758 989 Tibi
779 947 841 988 cum
861 928 921 988 filio
943 937 992 988 tuo
1013 928 1199 988 dilectissimo
1224 943 1289 985 una
1310 931 1339 984 et
1361 941 1382 982 s.

200 1038 303 1111 spiritu
318 1036 492 1109 sempiterno
506 1035 544 1093 sit
558 1034 652 1108 gloria
666 1041 695 1093 et
710 1035 800 1094 bonos
816 1037 846 1094 in
859 1041 962 1096 cuncta
974 1036 1070 1094 secula
1083 1034 1264 1093 seculorum.
1281 1031 1383 1090 Amen.

289 1139 320 1214 iij
336 1140 409 1212 Maji
427 1137 455 1198 d.
477 1138 661 1198 Leonardum
677 1155 712 1198 ex
732 1155 794 1214 cap.
813 1143 854 1198 28
871 1139 1004 1199 Matthaei
1024 1141 1249 1198 concionantem
1270 1136 1384 1196 audivi·

200 1261 263 1305 mus
286 1246 453 1320 superhaec
474 1245 577 1304 verba:
603 1245 673 1316 Quae
697 1259 759 1303 cum
774 1245 924 1318 abiissent,
949 1260 1013 1303 ecce
1034 1243 1149 1318 quidam
1170 1261 1187 1302 e
1210 1240 1386 1302 custodibus

200 1356 341 1413 venerunt
362 1351 394 1408 in
416 1351 559 1410 civitatem
583 1367 617 1410 ac
646 1351 854 1410 nunciaverunt
875 1349 1050 1423 principibus
1072 1347 1264 1410 secerdotum
1289 1346 1386 1405 omnia

202 1473 266 1531 quae
282 1457 455 1530 acciderant,
480 1461 514 1514 et>
532 1455 699 1529 congregati
722 1469 785 1514 oum
807 1453 982 1528 senioribus,
1007 1455 1124 1514 consilio
1147 1455 1270 1525 habito,
1296 1465 1383 1525 pecu·

200 1563 277 1622 niam
297 1562 442 1636 copiosam
458 1559 601 1620 dederuut
616 1560 765 1635 militibus,
791 1561 930 1620 dicentes:
955 1557 1050 1618 Dicite
1071 1558 1149 1631 quod
1164 1555 1308 1630 discipuli
1323 1555 1384 1626 ejus

200 1670 285 1725 nocte
305 1667 436 1724 venerint
458 1673 487 1724 et
506 1664 593 1724 furati
615 1667 672 1724 sint
693 1682 758 1724 eum
777 1666 858 1726 vobis
880 1663 1094 1724 dormientibus.
1125 1663 1165 1722 Et
1183 1664 1210 1722 si
1226 1663 1287 1723 hoc
1303 1659 1384 1718 audi·

200 1774 261 1829 tum
275 1767 363 1828 luerit
378 1770 430 1828 sub
445 1769 577 1843 praeside,
602 1786 653 1828 nos
669 1769 904 1844 persuadebimus
925 1771 951 1827 ei
972 1775 1002 1828 et
1022 1775 1138 1828 securos
1158 1783 1210 1827 vos
1227 1766 1381 1826 faciemus.

199 1873 240 1932 At
254 1874 295 1932 illi
310 1878 427 1946 accepta
442 1875 564 1947 pecunia
578 1873 709 1933 fecerunt
723 1876 796 1934 siout
810 1879 895 1933 eruut
915 1873 1018 1946 edocti,
1042 1878 1070 1930 et
1091 1871 1259 1944 divulgatus
1277 1874 1323 1928 est
1336 1868 1382 1926 hic

202 1995 296 2038 sermo
323 1977 401 2053 apud
427 1977 544 2037 Judoeos
567 1981 712 2052 usquein
739 1979 908 2039 hodiernum
928 1978 1013 2036 diem.
1051 1977 1161 2050 Primo,
1188 1976 1304 2050 inquit,
1330 1988 1380 2030 au·

201 2084 292 2156 distis,
311 2087 343 2148 ut
357 2081 457 2142 scribae
470 2087 499 2141 ot
506 2082 645 2142 Pharisaei
660 2089 689 2142 et
703 2085 830 2142 seniores
845 2084 980 2142 excaecati
995 2099 1029 2143 ac
1042 2082 1123 2140 rabie
1140 2087 1169 2140 et
1183 2080 1299 2141 invidia
1313 2093 1378 2152 per·

201 2189 251 2246 citi
271 2186 383 2246 Christo
406 2187 520 2246 domino
541 2205 598 2248 non
617 2189 710 2249 solum
730 2191 913 2262 restiterunt,
938 2188 989 2246 sed
1009 2188 1096 2246 ctiam
1117 2187 1212 2260 ipsum
1234 2185 1381 2245 traditum

203 2292 296 2351 Pilato
316 2292 394 2351 cruci
414 2290 493 2368 affigi
514 2297 661 2352 curarunt.
698 2293 759 2352 Nec
778 2294 833 2352 hoc
852 2309 951 2353 eorum
970 2292 1035 2351 odio
1055 2296 1085 2350 et
1103 2290 1217 2350 invidiae
1239 2295 1288 2350 sat
1304 2291 1376 2358 erat,

202 2399 271 2471 quin
292 2399 378 2456 etiam
395 2400 455 2471 jam
474 2403 618 2458 mortuum
637 2399 791 2458 mendaciis
811 2405 935 2458 onerant
955 2401 985 2456 et
1006 2400 1164 2456 commento
1186 2394 1311 2454 conficto
1333 2407 1376 2450 se·

201 2502 351 2576 pulchrum
369 2501 554 2577 obsignantes
573 2502 703 2564 custodes
724 2502 815 2562 eidem
834 2501 1000 2562 adhibuere.
1038 2502 1264 2575 Benignissimus
1279 2502 1377 2560 autem

202 2605 280 2666 Deus
297 2613 394 2668 noster
414 2608 499 2668 lesus
519 2608 648 2668 Christus
669 2625 722 2683 per
741 2609 836 2668 omnia
856 2623 955 2666 eorum
976 2607 1098 2667 salutem
1118 2621 1251 2680 quaerens
1266 2603 1375 2680 glorio·

202 2727 262 2771 sam
276 2715 516 2774 resurrectionem
535 2730 617 2774 suam
635 2731 693 2774 non
715 2729 767 2787 per
783 2712 946 2787 discipulos,
972 2729 1031 2772 non
1051 2729 1104 2786 per
1122 2712 1307 2770 mulierculas
1326 2709 1377 2766 eut

201 2831 254 2891 per
269 2817 407 2892 homines,
430 2835 502 2891 quos
516 2817 603 2878 ullam
618 2819 655 2878 ob
673 2805 788 2878 causam
809 2823 955 2892 suspectos
976 2817 1082 2877 habere
1102 2823 1228 2890 possent,
1253 2814 1307 2874 sed
1322 2825 1376 2886 per

202 2939 265 2994 eos,
290 2939 361 2995 quos
380 2924 436 2996 ipsi
457 2939 508 2980 suo
529 2937 588 2980 aere
607 2922 644 2981 ad
663 2923 805 2996 sepulchri
825 2922 982 2982 custodiam
1003 2921 1207 2994 conduxerant,
1230 2922 1303 2996 ipsis
1325 2932 1374 2975 an-

204 3027 333 3086 nunciari
353 3027 450 3084 voluit.
489 3027 596 3084 Verum
617 3041 670 3086 nec
688 3027 744 3085 hoc
763 3025 900 3087 beneficio
922 3043 970 3087 eos
992 3042 1114 3100 quoqne,
1138 3030 1171 3083 ut
1190 3025 1292 3084 salutis
1314 3035 1374 3080 suee

201 3131 343 3191 rationem
362 3130 468 3189 habere
487 3131 640 3204 volueriut,
664 3129 808 3189 adducere
827 3133 933 3205 potuit,
957 3133 1027 3204 quin
1046 3131 1164 3204 insuper
1182 3132 1275 3205 ipsam
1296 3123 1371 3187 veri-

202 3241 289 3295 tatem
304 3235 457 3294 mendaciis
473 3240 503 3294 et
516 3236 717 3309 largitionibus
733 3236 853 3295 obruere
869 3237 965 3312 conati
984 3240 1058 3295 sunt.
1088 3234 1137 3295 Ad
1155 3235 1211 3294 boo
1225 3239 1255 3293 et
1268 3229 1372 3308 priori·

201 3341 254 3400 bus
275 3340 356 3399 malis
376 3343 572 3400 excusationes
587 3343 617 3400 iu
637 3343 761 3414 peccatis
776 3341 924 3416 addentes,
946 3341 1083 3400 militibus
1103 3339 1236 3414 polliciti,
1261 3355 1293 3397 se
1315 3335 1371 3396 illis

201 3463 300 3522 pacem
315 3446 392 3522 apud
406 3447 558 3522 praesulem
571 3447 618 3505 vel
632 3447 727 3521 potius
742 3446 880 3506 socordiae
901 3449 930 3504 et
941 3446 1082 3508 mendacii
1093 3446 1291 3519 impunitatem
1302 3458 1368 3519 pro-

201 3559 360 3614 curaturos.
392 3553 524 3612 Ostendit
538 3558 633 3612 autem
648 3552 694 3610 hic
708 3552 885 3612 ecclesiastes
901 3567 954 3624 per
968 3552 1078 3622 aliquot
1093 3555 1268 3623 argumenta,
1285 3561 1370 3622 quum
1415 3613 1420 3622 ,

202 3674 259 3716 non
281 3657 390 3716 Judaeis
413 3659 443 3715 in
463 3663 587 3717 mentem
608 3660 721 3717 venerit
743 3659 848 3716 veteris
869 3655 1028 3730 proverbii,
1052 3655 1217 3714 mendacem
1236 3659 1369 3728 oportere

202 3775 264 3819 esse
278 3771 441 3833 memorem,
465 3768 494 3819 et
513 3763 588 3821 hano
607 3765 719 3820 unicam
738 3762 879 3822 mendacii
898 3759 1072 3830 mercedem,
1096 3766 1129 3818 ut
1148 3757 1284 3832 quicquid
1301 3754 1369 3816 mali

201 3864 269 3923 inde
285 3863 439 3936 contingat,
463 3865 494 3920 in
507 3865 597 3938 ipsius
612 3866 775 3924 mentientis
790 3871 877 3940 caput
890 3865 1008 3937 resiliat,
1032 3869 1065 3923 ut
1078 3879 1146 3922 vere
1163 3864 1220 3922 illis
1235 3860 1369 3922 acciderit

197 3969 282 4044 juxta
296 3965 437 4026 Davidem
451 3966 633 4040 prophetam:
650 3969 774 4028 Montila
788 3973 833 4026 est
847 3971 982 4042 iniquitas
997 3968 1059 4027 sibi.
1091 3969 1192 4039 Itaque
1207 3965 1368 4027 mentiendo

202 4070 364 4146 effecerunt,
388 4075 421 4130 ut
441 4072 531 4130 omnis
552 4071 721 4146 perditionis
737 4087 834 4130 eorum
849 4074 933 4146 culpa
947 4090 1005 4132 non
1019 4075 1049 4132 in
1063 4072 1210 4132 innoxium
1225 4069 1367 4131 dominnm

201 4179 311 4250 Jesum,
321 4177 373 4236 sed
386 4179 416 4236 in
429 4163 567 4251 ipsosmet
580 4175 723 4236 redundet
737 4181 791 4234 etc.
823 4177 967 4252 Similiter,
984 4179 1086 4252 inquit,
1102 4177 1218 4236 etDeus
1234 4193 1303 4250 erga
1318 4189 1367 4234 nos

200 4281 370 4354 longaminis
386 4285 438 4354 est,
462 4299 520 4341 uon
535 4283 632 4341 statim
647 4281 752 4341 delicta
767 4287 866 4341 nostra
880 4283 970 4354 punit.
1001 4283 1056 4341 Ast
1074 4299 1157 4341 nemo
1177 4283 1230 4340 hoo
1249 4279 1368 4338 ferociat

202 4389 252 4446 aut
270 4386 451 4460 impoenitens
470 4392 647 4461 permaneat.
679 4385 709 4444 Si
728 4387 803 4445 enim
823 4387 864 4445 sic
881 4389 1049 4460 periremus,
1073 4398 1140 4445 non·
1151 4386 1224 4458 Deo,
1248 4386 1298 4458 qui
1317 4397 1368 4442 nos
