3028 4894
781 328 826 398 ἰθ

214 523 309 582 silium
319 521 395 580 inter
404 521 493 597 opera
502 518 764 594 supererogationis
770 517 992 577 annumeratum
1004 519 1033 574 et
1046 507 1178 575 omnibus
1193 512 1388 574 unversdihr

217 610 392 702 praeceptum
407 643 479 702 esse,
496 643 555 685 non
569 624 637 683 solia
650 623 695 699 iis,
711 625 760 697 qui
771 639 804 682 se
816 621 982 682 claustrales
996 625 1108 680 vocant.
1138 617 1298 681 Adduoens
1316 617 1389 678 teati-

216 733 344 793 monium
359 747 396 790 ex
415 733 477 805 cap.
496 732 514 789 5
535 729 681 788 Matthaei:
708 727 863 802 «Quisquis
884 731 979 798 autem
1002 725 1150 798 occiderit,
1177 724 1320 784 obnoxius
1341 724 1390 782 erit

213 837 344 912 judicio«
360 841 415 897 etc.
453 837 525 894 Item
540 833 761 908 Deum‘patrem
776 831 944 892 assimilavit
964 832 1042 906 patri
1063 829 1195 904 familia,
1220 831 1273 904 qui
1291 829 1390 888 habens

218 939 308 1002 filium
322 941 369 1001 vel
384 939 481 1013 liliam,
498 940 547 1012 qni
562 938 609 997 vel
625 951 688 1011 qnae
705 943 821 1015 apatrs
835 943 980 1013 praeopta
994 937 1145 1009 acceperit,
1163 940 1196 994 et
1211 939 1310 994 ιιιιιιιι
1323 949 1390 1006 prra-

220 1048 310 1120 oeptis
324 1044 402 1103 hisee
416 1059 474 1102 non
488 1042 635 1116 obedierit,
659 1044 706 1101 hic
724 1049 845 1117 patrem,
870 1042 981 1101 etiamsi
1000 1045 1100 1100 ιιιιιιι
1118 1040 1229 1100 liberos
1250 1037 1391 1110 amaverit,

215 1153 388 1210 nontamen
403 1149 500 1206 statim
514 1163 580 1208 eum
594 1147 650 1206 illis
665 1145 897 1208 abbluuditurum
912 1161 984 1219 esse,
997 1145 1049 1204 sed
1063 1142 1138 1204 forte
1153 1145 1315 1204 dicturum:
1333 1139 1393 1198 «En

219 1255 282 1315 hac
302 1254 357 1314 tibi
377 1254 516 1327 precepi,
541 1251 593 1312 sed
614 1257 647 1311 tu
668 1253 811 1328 pervicaci
832 1252 942 1310 cervice
963 1247 1126 1324 repugnas?
1161 1249 1239 1310 Vide
1260 1248 1348 1322 igitir
1365 1249 1394 1304 nt

220 1361 308 1419 chum
321 1364 351 1419 te
366 1375 460 1433 geras.
491 1357 575 1431 Quod
589 1357 619 1416 ni
633 1355 695 1430 liat,
710 1356 789 1416 haud
803 1360 833 1415 te
847 1354 899 1414 lilii
913 1356 976 1415 loco
996 1355 1146 1414 habiturus
1168 1371 1245 1414 sum.
1278 1353 1394 1423 Insuper

221 1466 317 1537 etiam,
341 1463 398 1522 nisi
418 1463 584 1537 resipueris,
608 1462 857 1523 exhereditatnrus
879 1476 950 1519 sum.
989 1459 1039 1519 Sin
1060 1474 1130 1518 vero
1151 1463 1181 1518 te
1203 1457 1344 1532 gesseris,
1366 1458 1395 1512 ιι

220 1569 392 1642 morigerum
406 1568 483 1641 patri
496 1564 587 1626 lilium
601 1566 693 1641 decet,
718 1582 771 1640 ego
788 1582 900 1640 quoque
915 1563 1020 1624 affectu
1033 1566 1201 1638 patercule
1215 1566 1251 1623 nt
1265 1561 1394 1622 dilemum

220 1669 309 1730 filium
321 1672 367 1730 vel
378 1669 465 1730 liliam
477 1685 657 1744 prosequar«
672 1675 725 1730 etc.
750 1670 781 1730 Si
794 1669 841 1730 hic
856 1671 901 1729 vel
916 1669 966 1728 illa
980 1669 1068 1728 vitam
1082 1669 1113 1727 iu
1127 1668 1231 1730 melius
1245 1662 1395 1725 mutaverit

220 1779 251 1834 et
265 1775 342 1850 patri
356 1774 482 1846 debitam
497 1763 688 1836 obedientiam
702 1774 878 1849 praestiterit,
894 1773 1124 1848 benignissimum
1138 1779 1255 1846 putrem
1271 1768 1394 1844 experie

211 1884 277 1939 tur.
308 1879 353 1936 lta
369 1882 400 1936 et
412 1877 504 1950 nobis,
527 1878 628 1952 inquit,
653 1877 771 1939 accidet.
804 1878 835 1938 Si
850 1879 977 1953 quotidie
991 1877 1110 1938 verbum
1128 1874 1328 1953 benignissimi
1342 1887 1394 1931 cm·

217 1983 301 2044 lestis
318 1982 414 2056 patris
435 1981 527 2041 nostri
548 1972 740 2042 audiverimus
762 1989 791 2042 et
812 1989 908 2042 tamen
930 1982 1058 2057 quotidie
1081 1984 1164 2044 nobis
1186 1984 1261 2056 ipsis
1285 1981 1394 2056 pejores

217 2081 367 2148 reddimur
381 2090 410 2145 et
420 2087 511 2160 patris
522 2087 595 2146 iram
606 2091 636 2146 et
648 2084 908 2148 exheredationem
922 2089 1110 2148 incurremus.
1134 2088 1184 2148 Sin
1198 2103 1273 2148 vero
1289 2095 1325 2144 ex
1338 2087 1394 2144 toto

220 2191 307 2252 corde
321 2191 458 2250 mandata
472 2191 534 2265 eJus
556 2192 707 2264 exaequati
728 2189 878 2265 fuerimus,
902 2193 963 2266 ipse
984 2209 1098 2266 qnoque
1115 2194 1189 2252 iram
1210 2207 1295 2252 suam
1317 2201 1394 2248 revo-

221 2301 338 2356 caturus
360 2301 404 2355 est
423 2301 478 2356 etc.
506 2296 578 2356 item
593 2295 721 2356 ostendit
735 2312 849 2371 qnoque
865 2311 901 2356 ex
915 2313 976 2370 cap.
996 2299 1014 2358 5
1030 2298 1171 2371 Matthai,
1188 2311 1278 2370 quam
1292 2292 1393 2352 unhnm

220 2401 336 2463 laudem
350 2417 520 2474 mereamur,
545 2401 570 2460 si
589 2405 702 2460 tantum
723 2402 820 2461 amicis
841 2409 871 2463 et
885 2403 966 2462 nobis
981 2401 1227 2463 benefacientibus
1242 2402 1318 2461 bene
1331 2410 1392 2470 pre·

217 2512 321 2568 ἰιιιιιιι
340 2510 391 2568 ιιι
411 2503 538 2566 iacimus.
575 2505 660 2581 Nam,
683 2507 785 2580 inquit,
807 2511 940 2568 naturam
963 2511 992 2567 et
1011 2513 1138 2566 mamam
1158 2505 1318 2564 amicitiam
1336 2498 1391 2558 exi-

221 2618 299 2686 gere,
322 2615 352 2670 et
366 2627 385 2670 a
399 2610 576 2685 sapientibus
591 2610 712 2670 ethnicis
727 2610 879 2684 probatum
894 2627 1008 2686 qnoque
1022 2611 1059 2670 iri
1074 2617 1104 2671 et
1119 2613 1315 2686 germanicum
1329 2617 1391 2678 pro·

222 2715 367 2776 verbium:
391 2715 523 2778 Freundt
535 2718 607 2778 uber
621 2715 669 2774 eiu
683 2717 773 2793 Ζιιιιι,
788 2713 904 2778 lrenndt
918 2713 1095 2776 vidderumb
1110 2714 1246 2790 bernier,
1263 2715 1391 2774 testatur.

222 2821 280 2883 Sed
293 2808 370 2883 hosti
384 2826 415 2881 et
428 2826 612 2898 persequenti
631 2838 684 2883 nos
705 2822 859 2882 benevolos
880 2837 947 2882 esse·
964 2824 993 2880 ιι
1015 2821 1051 2880 de
1073 2821 1175 2881 iisdem
1197 2819 1278 2880 bona
1292 2812 1391 2890 optari,

219 2917 308 3000 idque
324 2943 360 2986 ex
374 2929 468 2986 animo
483 2931 634 3002 praetere,
651 2927 726 2985 hunc
739 2925 939 3000 laborem,hoc
951 2943 1024 3000 opus
1036 2943 1108 2986 esse.
1132 2923 1291 2985 Proierens
1303 2931 1392 2980 esem·

220 3029 299 3104 plum
318 3028 426 3087 domiui
445 3029 596 3088 salvatoris
611 3031 703 3088 nostri
717 3030 788 3089 Jesu
802 3030 919 3105 Christi,
942 3033 992 3105 qni
1011 3033 1042 3090 in
1061 3047 1145 3090 cruce
1160 3030 1296 3090 (ιιιιιιιιιι
1311 3037 1393 3084 mam·

221 3133 281 3192 bris
296 3131 424 3207 pendens
439 3150 492 3209 pro
508 3130 740 3206 crucifigentibus
755 3151 841 3194 orans
862 3134 945 3194 dixit:
972 3136 1089 3210 «Pater,
1106 3137 1222 3210 ignosce
1236 3135 1305 3207 illis,
1329 3127 1393 3203 quii

215 3237 362 3312 nesciunt,
378 3235 448 3310 quid
462 3235 602 3296 iaciunt«
626 3237 698 3296 Item
713 3238 852 3314 Stephani
867 3240 1097 3314 protomartyris,
1113 3240 1162 3314 qui
1177 3240 1237 3312 jam
1251 3233 1391 3313 lapidibus

215 3347 336 3420 xunoque
350 3342 457 3417 petitus
473 3343 611 3402 oraverit:
630 3341 771 3402 «Domine
780 3343 862 3418 Jasrr,
878 3359 915 3404 ne
930 3343 986 3403 illis
1002 3350 1110 3406 statues
1122 3345 1179 3404 hoc
1192 3346 1222 3403 in
1236 3345 1389 3420 peccatum,

222 3451 290 3526 quia
302 3449 443 3523 nesmuut,
454 3448 524 3523 quid
534 3446 674 3508 faciunt«
689 3448 756 3508 nied
767 3445 842 3509 torte
855 3446 952 3509 dicere
965 3465 1077 3524 posses:
1092 3450 1138 3510 Ab
1153 3448 1319 3509 adversario
1333 3445 1390 3503 sine

217 3538 298 3614 omni
312 3569 409 3628 causa,
433 3555 604 3628 praetorius
624 3559 654 3615 et
673 3553 792 3628 aequum'
807 3571 866 3614 uon
885 3555 977 3615 solum
996 3553 1100 3614 damno
1122 3559 1152 3614 et
1166 3556 1276 3630 magnis
1291 3563 1390 3627 oppre

212 3658 292 3717 briis
307 3655 426 3718 adamus
440 3663 513 3732 sum,
527 3652 587 3718 'sod
609 3660 726 3734 iusuper
745 3659 815 3718 milii
835 3677 889 3720 nec
907 3663 1031 3734 unquam
1052 3675 1116 3718 eum
1129 3659 1267 3720 honorem
1282 3655 1388 3726 detulit,

218 3759 254 3821 ut
274 3761 353 3834 apud
374 3775 420 3819 me
442 3777 548 3821 noxam
573 3778 655 3822 suam
682 3763 895 3839 deprecaretur.
933 3763 1093 3838 Donamus,
1122 3764 1229 3838 inquit,
1257 3766 1298 3825 sic
1320 3767 1388 3822 este.

221 3861 329 3922 Verum
344 3865 412 3922 'cnm
430 3866 545 3925 noveris
559 3866 753 3928 innocentium
768 3870 874 3930 domini
889 3875 919 3929 et
937 3869 1040 3943 quibus
1061 3869 1189 3944 probris,
1212 3862 1388 3944 blasphemiis

212 3953 415 4041 -o‘envl'oiisque
435 3969 461 4028 is
482 3970 519 4029 ab
540 3970 635 4044 impiis
652 3969 772 4031 ἰιιιιιιιι
794 3971 883 4032 luerit
903 3973 941 4050 (si
961 3973 1046 4032 modo
1067 3973 1238 4034 christianus
1254 3965 1389 4035 nominari

221 4067 306 4150 vebs)
319 4080 452 4150 respectu
460 4071 566 4134 christi
581 4072 746 4136 adversario
760 4082 809 4136 tuo
825 4079 929 4151 omnia,
946 4079 1094 4153 inrogetur
1108 4077 1205 4153 etlam,
1221 4081 1311 4153 grath
1323 4089 1386 4134 eon·

216 4166 342 4252 'donare
366 4177 543 4252 potissimum
564 4180 642 4253 quod
661 4187 691 4240 et
709 4179 815 4254 probra
835 4188 865 4240 et
883 4182 998 4258 vibices,
1022 4201 1093 4258 qnos
1112 4184 1181 4243 tulit
1198 4181 1336 4254 Christm
1358 4180 1388 4234 tu

211 4277 451 4356 pendebamus,
471 4287 579 4344 teneris
593 4289 647 4345 etc.
678 4285 741 4344 Nec
754 4286 829 4344 enim
843 4288 938 4360 magni
953 4287 1112 4349 ducendum
1126 4294 1180 4361 est,
1202 4289 1320 4364 proprio
1335 4293 1387 4343 are

211 4383 334 4446 altana
349 4384 501 4461 edificare,
523 4391 623 4466 templi
643 4392 768 4468 parietes
788 4391 941 4462 adornare,
964 4394 1011 4452 vel
1029 4393 1075 4452 his
1093 4395 1205 4468 majora
1223 4405 1333 4468 quoque
1349 4383 1387 4444 h·
