2940 4900
723 309 766 374 85

692 509 796 552 nnxrx.

241 606 413 653 curramus
438 609 598 669 aruncius,
620 611 749 658 rncouus
771 612 895 659 rounam
917 616 1083 662 nuunsrnnr
1106 619 1237 666 caenam
1254 623 1329 665 ran-

146 713 223 758 runs
246 715 307 770 qun
328 713 407 759 soso
429 713 546 758 aureus.
568 717 711 784 sammua,
736 719 817 774 quan
839 721 995 766 roarunnu
1018 725 1192 769 nnxrrroaun
1214 725 1329 770 urrann

148 820 209 864 nno
233 819 387 864 occurren
411 822 441 864 m
464 819 569 864 rnrars
591 822 792 867 auvaeuausn
815 825 879 869 sarr
905 826 941 870 oa
963 829 1124 888 rrurnrnn,
1149 831 1275 873 uxrnrnn
1299 831 1328 873 m

148 925 309 970 uxunrrurr
325 925 510 970 rnnurrnrarr
526 926 611 970 mous
627 929 674 972 our
691 930 748 973 cun
764 929 861 974 oreon
878 931 913 975 ur
929 933 1020 977 curru
1041 933 1226 979 nunrcrrmus
1242 934 1327 977 nuncu

146 1029 203 1072 suu
221 1029 369 1074 rnursaru
388 1029 621 1077 rnroannrnrus.

695 1141 785 1182 aaa.

241 1224 364 1296 Quidam
379 1230 475 1284 autern
491 1241 526 1283 ex
545 1226 630 1299 huJus
655 1226 708 1285 vici
725 1228 825 1287 incolis
850 1230 962 1287 oaeteris
977 1238 1083 1303 praeest
1098 1249 1131 1290 ac
1147 1249 1181 1290 ex
1197 1250 1324 1306 unaqua-

145 1346 206 1403 que
222 1329 308 1389 domo
322 1327 462 1390 florenum
485 1335 595 1390 tantum
610 1332 787 1406 Augustauoe
808 1339 930 1392 monetae
950 1333 1068 1409 recipit,
1092 1352 1150 1395 non
1166 1338 1279 1408 quidem
1296 1340 1325 1396 in

144 1437 350 1510 Fuggerorum
365 1441 539 1510 proventus,
562 1436 613 1496 sed
628 1443 669 1510 ut,
694 1439 717 1495 si
733 1435 808 1497 forte
823 1439 949 1512 Fuggeri
965 1455 1023 1498 non
1037 1442 1190 1514 supersint,
1215 1443 1323 1516 domus,

144 1541 170 1598 si
186 1555 247 1613 qua
264 1557 345 1615 opus,
362 1539 441 1599 refici
457 1556 493 1599 ex
508 1541 562 1600 hac
576 1543 698 1614 pecunia
713 1547 830 1615 queant.

238 1645 350 1704 Eadem
371 1647 489 1705 nuncius
512 1644 676 1720 pontificius
698 1647 849 1706 advenisse
869 1646 1017 1708 dicebatur
1037 1647 1170 1710 adferens
1186 1669 1204 1711 a
1219 1651 1325 1713 Christi

144 1751 258 1809 vicario
273 1749 348 1809 rorte
363 1767 381 1809 a
397 1751 511 1811 Christo
527 1752 642 1812 domino
658 1767 803 1825 nunquam
818 1752 863 1812 vel
879 1754 1004 1827 cogitata
1018 1757 1063 1815 vel
1075 1757 1164 1830 jussa.

239 1855 276 1914 D.
292 1855 420 1915 Joannes
437 1853 565 1931 Goeleus,
581 1860 733 1917 canonicus
748 1856 955 1916 Eichstatensis
978 1865 1007 1918 et
1022 1859 1157 1934 vindicta,
1173 1860 1324 1924 infeliciori

143 1966 246 2020 tamen
263 1977 395 2021 successu
411 1977 496 2036 quarn
512 1969 545 2021 nt
559 1964 712 2037 proverbio
728 1964 834 2022 dicitur
856 1964 1021 2041 (scarabeus
1036 1965 1173 2040 aquilam)
1190 1969 1323 2029 incitatus

144 2067 255 2126 librum
270 2068 440 2141 conscripsit
455 2074 555 2127 contra
570 2075 676 2128 nostrae
691 2070 839 2144 religionis
854 2074 905 2128 aut
920 2070 944 2128 si
960 2073 1049 2130 mavis
1062 2069 1239 2146 Augustanae
1254 2091 1321 2134 con-

143 2173 284 2232 fessionis
305 2173 452 2234 auditores
472 2179 502 2233 et
529 2174 715 2234 collocutores
741 2177 771 2233 in
799 2175 941 2249 colloquio
968 2176 1133 2236 Ratisbouae
1161 2180 1323 2252 germanice

144 2280 237 2339 Danu
259 2277 406 2338 Nachhab
427 2279 540 2338 titulum
556 2279 666 2339 indidit.
707 2281 754 2340 Sic
768 2280 805 2339 ad
828 2279 959 2338 sordidos
974 2280 1134 2352 pontificios
1150 2284 1278 2343 scarabei
1294 2290 1324 2342 ct

144 2385 256 2446 cocleae
271 2400 335 2442 cunr
359 2383 475 2443 lubricis
496 2384 644 2444 limacibus
668 2390 834 2458 arreptaut,
858 2385 923 2444 dum
938 2383 1067 2446 homines
1083 2381 1195 2457 'pietate
1210 2392 1241 2444 et
1255 2388 1321 2446 doc-

143 2492 227 2552 triua
241 2489 358 2564 probati
368 2489 456 2548 celeri
471 2504 555 2547 cursu
571 2490 617 2550 rel
632 2495 716 2564 targa
730 2491 853 2561 vertere,
870 2489 914 2548 vel
929 2489 1053 2548 latebras
1070 2505 1200 2560 quaerere
1216 2507 1321 2565 cogun-

143 2602 204 2655 tur.
232 2595 302 2667 Quae
318 2600 413 2653 tamen
427 2594 512 2654 latuit
527 2593 577 2652 diu
592 2597 622 2653 ct
635 2594 752 2653 tandem
763 2595 883 2667 emergit
894 2594 1002 2652 veritas
1017 2595 1191 2667 postliminio
1208 2597 1323 2669 auspice

146 2701 268 2760 Christo
283 2698 478 2771 triumphabit.

237 2805 293 2863 Est
302 2807 331 2862 ct
341 2804 571 2878 Augustaejuxta
581 2804 757 2878 ponticulum
771 2803 911 2876 quendum
926 2804 1065 2876 posticum
1080 2806 1110 2863 in
1127 2804 1261 2864 suburbia
1273 2822 1321 2864 cx·

143 2903 283 2968 euntibus
297 2925 405 2982 murus,
421 2908 452 2966 in
467 2924 523 2981 quo
536 2909 676 2968 insanum
691 2906 810 2980 aliquod
824 2925 875 2968 sex
889 2909 1027 2982 imagines
1036 2926 1191 2983 puerorum
1199 2909 1322 2984 insculp·

145 3020 195 3073 tas
212 3013 310 3078 videre
326 3021 378 3073 est.
418 3013 482 3073 Hoc
503 3003 715 3074 monumentum
734 3015 839 3088 hospes
860 3021 958 3074 noster
972 3015 1003 3072 in
1018 3015 1183 3075 memoriam
1199 3017 1323 3090 positum

144 3135 211 3178 esse
226 3119 277 3192 ait,
294 3119 370 3192 quod
385 3124 430 3179 tot
445 3137 563 3180 numero
578 3123 660 3194 pueri
674 3121 779 3180 ibidem
799 3121 1072 3180 choreasducentes
1086 3123 1116 3198 in
1139 3122 1226 3195 Lyco,
1242 3122 1322 3194 cnjus

143 3223 327 3283 brachiolum
342 3222 443 3283 subter
456 3225 630 3298 ponticulum
645 3225 799 3301 transfluit,
816 3227 956 3286 submersi
972 3232 1046 3284 sunt.

237 3328 293 3387 Vix
307 3315 389 3388 uobis
404 3331 441 3390 ad
456 3331 610 3406 hospitium
627 3332 752 3390 reversis
767 3332 937 3390 secretarius
953 3330 1067 3402 quidam
1084 3330 1210 3403 episcopi
1217 3330 1320 3388 Mona·

145 3434 305 3507 steriensis,
314 3436 410 3508 patrui
418 3436 517 3510 nostri,
529 3435 616 3509 uenit,
626 3436 783 3509 sciscitans,
795 3452 861 3494 num
871 3436 969 3494 literas
980 3435 1104 3506 episcopi
1114 3434 1228 3491 nornine
1242 3449 1320 3490 rece·

145 3541 273 3613 perimus
288 3555 326 3597 an
341 3547 431 3598 secus.
456 3539 509 3598 Oui
519 3540 664 3615 respondi,
681 3540 753 3598 nihil
767 3541 917 3598 literarum
931 3537 967 3596 ah
983 3538 1117 3610 episcopo
1132 3535 1200 3594 mihi
1214 3536 1261 3593 hic
1270 3535 1320 3594 ob

145 3645 268 3704 venisse.
285 3643 423 3702 Exhibuit
433 3645 522 3717 igitur·
530 3645 598 3702 mihi
608 3643 745 3718 legendas
757 3642 904 3716 epistolas,
917 3643 946 3699 in
958 3641 1060 3714 quibus
1071 3641 1126 3714 ipsi
1138 3641 1321 3715 abepiscopo

146 3751 306 3824 injunctum
328 3754 404 3822 arat,
429 3753 461 3806 ut
476 3765 562 3823 super
577 3749 674 3822 aliquo
689 3749 807 3822 negocio
823 3748 853 3805 in
868 3747 999 3807 absentia
1012 3747 1159 3806 Francisci
1175 3747 1238 3820 Dey
1253 3748 1322 3808 mihi

147 3856 255 3928 scripta
270 3854 396 3927 episcopi
411 3851 542 3927 offerret,
564 3860 596 3912 nt
611 3853 647 3912 de
669 3854 724 3912 hac
739 3871 771 3912 ne
787 3852 865 3926 apud
880 3851 1059 3911 consiliarios
1075 3853 1197 3912 Caesaris
1212 3869 1321 3926 praesu·

145 3961 203 4036 iem
210 3974 388 4018 excusarem.
404 3957 552 4016 Exhibens
560 3964 702 4032 praterea
713 3958 820 4032 scriptu
835 3956 891 4015 duo
900 3957 1039 4018 Lazarum
1053 3959 1089 4017 de
1099 3958 1321 4019 Schwendicon·

146 4063 304 4124 cernentia.
329 4064 443 4124 Literas
459 4079 527 4123 varo
540 4047 634 4122 adme
653 4065 735 4122 datas
751 4063 924 4122 secretarius
936 4068 965 4122 et
975 4080 1029 4138 ego
1040 4064 1076 4122 ab
1091 4065 1154 4135 ipso
1167 4062 1278 4121 Lazaro
1294 4069 1324 4122 et

145 4170 320 4242 interceptas
337 4173 366 4227 et
380 4169 469 4228 lectas
484 4168 707 4243 suspicabamur,
720 4184 819 4226 verum
827 4167 857 4226 id
867 4169 951 4226 aliter
962 4175 1063 4240 postea
1077 4170 1254 4239 compertum
1269 4173 1322 4227 est.

146 4273 277 4332 Petierat
291 4279 387 4333 autem
409 4273 559 4332 Schwcudi
574 4289 591 4332 a
606 4277 709 4344 patruo
730 4278 829 4332 nostro
848 4274 930 4344 jussu
953 4271 999 4344 (ut
1013 4273 1075 4345 ipse
1090 4271 1218 4330 Lazarus
1233 4273 1322 4346 scrip-

147 4376 196 4453 sit)
212 4379 353 4438 Coesarere
370 4359 539 4452 majestatis,
556 4382 588 4435 ut
601 4376 632 4435 in
646 4378 872 4452 supplementum
888 4377 1030 4436 exercitus
1045 4374 1236 4437 obsidentium
1252 4379 1322 4436 Ver·
