3046 4900
751 251 795 316 4⁰
876 313 883 330 ,

189 436 341 510 adstringi.
365 437 509 496 Summam
524 435 599 496 enim
614 433 763 508 scripturae
779 449 843 492 esse
857 433 907 508 ait,
923 431 1012 491 verbo
1021 430 1114 491 inniti.
1138 427 1368 504 (1111111111-

189 545 262 614 sent,
286 541 389 616 inquit,
406 545 603 600 antecessores
618 538 709 598 nostri
725 543 754 597 et
768 554 826 596 non
840 537 936 613 potius
957 553 1046 610 opera
1062 535 1169 596 domini
1190 536 1369 596 1111111111-

190 645 320 719 luissent,
336 652 369 705 nt
384 647 458 706 alius
471 645 610 719 jejunium
625 647 795 718 perpetuum
809 643 863 703 sibi
877 643 932 717 ipsi
947 642 1179 716 praescripsisset,
1189 641 1265 702 alius
1280 640 1368 700 here·

189 767 235 809 mo
250 748 383 810 habitare
399 750 561 825 delegisset,
577 748 766 822 interjiciens,
786 747 941 808 monachus
963 752 1059 806 autem
1081 747 1227 814 solitarius
1244 747 1292 824 (at
1305 747 1370 806 haec

189 855 334 915 hominum
348 853 405 914 faex
420 871 477 928 quo
493 870 551 914 non
565 855 620 913 boc
630 869 691 913 aevo
707 849 966 926 chcumcursitatl)
976 853 1085 922 nonita
1099 851 1245 912 deviatum
1262 851 1370 912 iniisset

189 964 301 1019 erecto
316 959 397 1019 verbi
411 959 459 1018 dei
483 959 629 1018 intellectu
652 963 682 1018 et
695 976 765 1019 vera
778 956 835 1018 lide
850 962 903 1016 etc.
935 957 1006 1016 Item
1023 957 1093 1030 quid
1109 957 1163 1016 sibi
1176 958 1247 1017 velit
1262 957 1369 1018 vocula

195 1070 380 1139 «suggeret»,
397 1065 551 1124 enarravit.
574 1065 614 1123 Et
628 1068 661 1123 ut
676 1065 791 1124 omnino
805 1062 888 1122 nobis
903 1062 1150 1137 persuaderemus,
1167 1063 1191 1122 si
1205 1063 1253 1123 vel
1268 1063 1301 1122 in
1316 1078 1368 1122 ne-

190 1169 323 1229 cessitate
344 1171 473 1246 corporis
492 1171 539 1229 vel
562 1170 662 1231 animae
685 1169 819 1244 perieulis
844 1174 894 1227 aut
916 1169 1001 1227 etiam
1020 1168 1067 1226 vel
1086 1169 1117 1226 in
1136 1169 1286 1243 prosperis
1303 1183 1368 1226 suo-

190 1273 316 1334 oessibns
338 1275 420 1334 nobis
442 1275 473 1334 in
495 1281 618 1335 mentem
642 1276 738 1336 veniat
762 1276 798 1335 de
817 1273 864 1333 dei
886 1273 1028 1346 bonitate,
1053 1288 1116 1332 eam
1138 1275 1370 1334 consolationem

190 1379 288 1456 magni
302 1378 457 1453 maanus,
474 1379 590 1439 domino
605 1380 714 1454 gratias
729 1384 861 1453 agentes,
887 1378 1096 1452 recogitantes,
1120 1378 1150 1437 id
1165 1380 1263 1454 111111
1278 1379 1368 1452 hujus

191 1487 309 1560 spiritus
324 1486 501 1560 suggestoris
524 1486 663 1559 paracleti
683 1482 746 1543 fieri
761 1491 814 1546 etc.
850 1483 1038 1556 Concludens,
1054 1487 1087 1542 ut
1101 1483 1195 1543 Deum
1211 1490 1272 1560 opt.
1289 1501 1368 1544 max.

190 1605 367 1664 rogaremus,
383 1588 439 1650 duo
455 1591 537 1651 nobis
552 1591 614 1649 haec
627 1606 680 1663 per
695 1589 838 1650 Christum
852 1590 996 1663 impartiri
1008 1588 1186 1664 dignaretur,
1207 1595 1240 1650 nt
1257 1591 1370 1650 scilicet

192 1694 310 1755 verbnm
326 1695 388 1767 eius
403 1692 459 1752 fide
475 1710 549 1768 pura
562 1693 821 1768 apprehendamus,
837 1699 867 1752 et
882 1694 986 1754 deinde
1005 1711 1062 1768 quo
1077 1696 1180 1769 spiritu
1193 1695 1248 1755 hoe
1264 1701 1369 1756 sancto

193 1800 264 1858 illud
278 1800 442 1858 conservari
465 1803 495 1856 et
513 1797 551 1857 ab
572 1798 671 1856 eodem
691 1800 795 1873 spiritu
810 1799 908 1873 nobie,
932 1815 996 1872 quae
1010 1798 1074 1859 Deo
1089 1801 1167 1875 patri
1182 1805 1211 1860 et
1225 1799 1287 1860 filio
1303 1802 1367 1876 pla·

192 1906 250 1964 cita
258 1908 325 1964 sunt
333 1904 448 1976 suggeri
457 1903 554 1963 donet.
577 1904 669 1964 Nemo
678 1909 772 1964 autem
782 1921 898 1964 exmeae
912 1903 1014 1964 iarinae
1027 1905 1190 1966 hominibus
1204 1903 1292 1966 lacile
1307 1907 1367 1981 spi·

193 2012 280 2070 ritum
288 2008 413 2068 1111111
424 2009 519 2068 verbis
529 2010 678 2084 exprimet.
701 2008 806 2070 Aiebat
817 2015 847 2069 et
859 2010 930 2070 illud
944 2011 1040 2070 omnia
1055 2026 1119 2083 quae
1134 2008 1194 2069 dixi
1208 2011 1292 2072 vobis
1309 2029 1369 2072 non

193 2114 267 2175 adeo
286 2112 503 2188 intelligendum
522 2113 558 2172 de
572 2114 657 2174 nudis
671 2114 777 2186 verbis,
802 2129 866 2173 cum
891 2115 1073 2189 evangelistae
1094 2115 1195 2175 eadem
1214 2133 1306 2190 opera
1321 2118 1368 2178 vel

194 2219 285 2280 verba
300 2219 407 2278 Christi
421 2219 470 2278 alii
484 2219 549 2278 aliis
564 2218 660 2279 verbis
675 2219 845 2295 describant,
862 2221 914 2280 sed
924 2222 1008 2294 juxta
1021 2226 1130 2280 rectam
1145 2225 1328 2284 sententiam.

283 2323 547 2384 Eademdominum
555 2323 775 2385 Atrebatemem
786 2326 932 2385 conveniri
946 2325 1138 2399 cupiebamus.
1161 2329 1269 2388 Verum
1284 2334 1366 2407 post·

196 2447 282 2503 qnam
298 2429 404 2488 diodus
421 2429 646 2504 deambulatum,
667 2430 776 2503 prodiit
788 2431 903 2490 tandem
917 2435 1070 2505 paternum
1084 2431 1238 2506 hospitium
1253 2435 1365 2496 adiens.

194 2533 282 2593 Tanti
295 2539 392 2593 autem
407 2537 491 2592 erant
505 2535 654 2609 petitores,
670 2539 704 2593 ut
718 2535 800 2594 nobis
816 2552 880 2612 epm
896 2537 1003 2608 alloqui
1017 2551 1076 2596 non
1089 2536 1212 2596 licuerit.

281 2639 329 2700 Ad
348 2638 464 2715 prandii
482 2638 582 2699 horam
602 2641 825 2700 illustrissimum
846 2641 873 2700 d.
895 2640 1037 2700 loannem
1057 2641 1236 2701 Fridericum
1257 2643 1364 2702 electo·

195 2761 256 2804 rem
277 2745 464 2805 visitavimus.
507 2744 616 2805 Mensae
639 2747 805 2806 assidebant
827 2747 977 2821 Philippus
1000 2751 1029 2804 et
1049 2746 1180 2805 Eubulus
1204 2748 1324 2807 comites
1348 2761 1366 2804 a

195 2849 336 2910 Waldeoh
357 2847 477 2924 fratres,
500 2850 644 2910 Henrious
658 2852 730 2911 baro
745 2869 763 2911 a
779 2852 1030 2925 Schwartzenberg
1045 2855 1074 2910 et
1089 2849 1204 2911 Taffere
1217 2852 1365 2929 Hispanus

195 2958 225 3012 11
244 2955 376 3014 electoris
394 2954 582 3014 cancellarius
602 2956 774 3014 Minckvvitz.
819 2957 936 3017 Elector
957 2974 989 3016 se
1010 2958 1092 3017 nobis
1114 2957 1364 3016 clementissimum

195 3054 338 3130 exhibuit,
361 3057 543 3131 interrogans
563 3058 598 3117 de
617 3061 653 3118 iis
676 3061 774 3134 etiam,
799 3077 862 3133 qnae
884 3060 993 3120 homini
1007 3064 1037 3120 in
1061 3063 1149 3122 tantis
1164 3060 1364 3122 afflictionibus

194 3163 339 3221 memoriae
355 3179 418 3222 esse
432 3163 563 3222 miraculi
577 3165 639 3224 vice
655 3165 780 3224 duxeris.
817 3166 934 3225 Etcum
949 3167 1056 3240 optimo
1076 3169 1198 3242 principi
1212 3184 1276 3229 meo
1292 3181 1363 3228 uxo·

194 3268 292 3340 risque
307 3269 420 3327 nomine
436 3268 472 3327 de
487 3267 614 3330 exhibita
629 3270 712 3329 nobis
727 3269 876 3331 clementia
890 3273 998 3346 gratias
1014 3289 1138 3346 agerem,
1159 3273 1317 3349 respondit,
1332 3287 1364 3330 se

73 3411 78 3422 ·
196 3373 292 3433 omnia
310 3371 498 3435 libentissime
512 3374 629 3450 iecisse,
654 3380 684 3436 et
702 3377 727 3435 si
749 3392 807 3448 qua
827 3378 903 3436 inre
922 3377 1071 3450 utriusque
1085 3393 1147 3437 rem
1161 3383 1272 3451 gratam
1287 3391 1362 3453 prae·

195 3486 273 3542 stare
287 3481 369 3543 nobis
383 3486 491 3558 posset,
505 3483 548 3542 illi
562 3498 674 3558 semper
689 3481 719 3542 id
733 3484 837 3559 volupe
851 3479 986 3541 futurum.
1025 3481 1196 3542 Consoletur
1216 3499 1280 3543 eum
1293 3498 1363 3542 vero

195 3602 248 3644 suo
262 3587 410 3660 paracleto
430 3589 495 3663 illo,
521 3590 570 3662 qui
592 3605 689 3649 omnes
708 3585 878 3648 afflictiones
897 3586 982 3662 hujus
1002 3587 1140 3662 principis
1161 3590 1192 3646 11
1210 3604 1297 3648 manu
1312 3603 1363 3648 sna

195 3690 355 3766 descriptas
369 3692 457 3752 habet
470 3693 560 3754 Deus.
602 3694 696 3769 Hujus
717 3695 855 3769 principis
875 3690 1108 3780 tribulationibus
1128 3697 1158 3751 et
1175 3691 1239 3751 haee
1252 3693 1363 3766 adjecta

195 3799 248 3870 est,
264 3799 296 3853 ut
310 3800 450 3857 tractatus
464 3800 716 3861 interMauritium
732 3804 761 3859 et
775 3800 869 3874 ipsum
883 3799 1131 3873 protraherentur,
1148 3814 1182 3858 eo
1198 3798 1275 3872 quod
1289 3811 1362 3859 eom-

194 3899 318 3960 missarii
332 3901 473 3960 nominari
487 3903 653 3976 nequibant.

283 4005 396 4066 Deinde
419 4006 507 4066 ahimi
529 4009 622 4081 gratia
648 4009 726 4068 intra
748 4008 847 4068 urbem
868 4008 1062 4068 deambulanti
1090 4008 1203 4068 obviam
1229 4009 1312 4069 nobis
1331 4005 1363 4065 fit

194 4109 345 4187 Fuggerus
364 4112 436 4172 albae
452 4113 566 4187 gallinae
583 4117 612 4171 et
626 4112 693 4172 solis
708 4110 793 4188 filius,
817 4113 909 4173 Iberis
923 4113 978 4173 sibi
998 4115 1108 4190 aliquot
1127 4115 1278 4190 adjunctis,
1302 4116 1362 4189 ipse

194 4217 476 4292 planeHispanicus.
731 4203 733 4208 ¹

286 4322 332 4382 De
346 4323 461 4382 interim
475 4323 584 4398 aliquot
597 4326 717 4400 paginas
730 4325 859 4399 legimns.
