2948 4902
778 342 823 408 98

209 528 314 598 putem
329 522 383 584 boo
399 541 518 586 munere
531 525 728 600 jurisperitum
743 525 797 584 sibi
812 528 905 584 totum
918 524 1088 599 devinxisse,
1104 540 1139 584 sc
1153 521 1257 610 deiude
1271 535 1329 582 uum
1340 537 1369 581 re

207 630 273 705 ipss
287 645 340 690 suo
354 631 429 692 mulo
453 631 649 706 experiretur,
675 628 796 688 eundem
812 633 842 690 et
864 628 903 689 ub
924 629 1089 690 adversario
1110 645 1162 690 suo
1183 630 1215 688 in
1235 627 1370 688 comilium

208 733 369 797 adhibitum
384 751 455 811 esse,
479 735 663 809 expostulans
677 750 741 794 cum
753 733 923 809 jurisperite
938 736 994 796 sit:
1016 734 1084 796 Non
1104 736 1186 809 potui
1201 736 1233 793 in
1247 734 1300 792 bso
1312 748 1370 791 osu·

208 853 241 898 ss
255 857 349 900 meum
371 842 473 901 bouem
492 841 665 914 mugientem
680 841 791 899 sudire.
831 840 909 899 Vero
922 839 1003 915 dicis,
1026 838 1175 915 respoudit
1186 835 1370 914 jurisperitus,

209 961 275 1004 nsm
290 952 376 1019 ceput
389 945 515 1005 bsbebot
529 946 627 1005 tunice
640 945 802 1004 holoserico
817 959 853 1003 ex
868 945 1001 1005 martium
1016 944 1138 1019 pellibus
1154 944 1281 1004 obducto
1294 941 1371 1001 obro·
1453 1015 1454 1018 Ἴ

208 1049 312 1122 lutum,
334 1049 463 1108 indicens
482 1051 573 1124 magis
595 1051 689 1123 ipsum
708 1049 745 1108 sd
765 1050 977 1122 preciositatem
999 1050 1100 1124 vestis,
1124 1065 1212 1125 quem
1227 1050 1266 1110 sd
1279 1047 1373 1122 prioris
1453 1067 1454 1110 t

209 1169 311 1212 munus
326 1155 435 1228 eutius
452 1155 577 1213 enimum
590 1155 723 1215 vertisse.
1314 1146 1316 1150 ’

298 1257 408 1317 Eodem
432 1274 450 1317 s
473 1260 644 1318 consiliariis
667 1258 863 1333 imperialibus
884 1258 962 1319 lecto
989 1265 1033 1319 est
1054 1261 1162 1319 mentio
1183 1255 1320 1320 Wulifilss
1343 1273 1374 1315 cx
1453 1289 1454 1310 r

210 1363 286 1422 omni
301 1369 385 1438 ports
393 1361 503 1423 Wultfii
519 1364 589 1438 quid
603 1380 661 1423 non
677 1362 888 1423 esculentorum
903 1366 998 1439 grstia
1010 1366 1143 1424 lurcones
1158 1379 1220 1424 non
1235 1368 1329 1438 agunt,
1344 1375 1374 1419 ex

209 1468 264 1526 boc
278 1471 385 1545 potuit,
410 1469 489 1543 qnod
511 1485 598 1543 cupos
620 1475 651 1528 et
672 1468 804 1542 perdices
823 1485 840 1528 e
860 1470 1017 1530 Mecbliuis
1038 1468 1206 1528 Brabentiae
1223 1467 1374 1541 Augustum

209 1579 364 1648 spportcre
378 1581 525 1636 oursmnt.
564 1575 669 1635 Flums
692 1574 730 1635 sd
753 1576 829 1634 bnue
848 1591 941 1649 usque
960 1574 1036 1635 dem
1050 1575 1213 1634 miserrime
1229 1578 1260 1632 et
1276 1569 1374 1632 edom

211 1685 241 1738 et
254 1679 399 1739 ilienteric
413 1679 536 1740 loborat.

296 1783 406 1843 Eadem
422 1783 542 1843 Oerolus
555 1785 714 1847 sStockem
729 1792 759 1845 et
773 1801 827 1860 ego
843 1785 990 1846 doctorem
1004 1785 1215 1859 Msrquurdum
1229 1782 1369 1852 adivimus,
1453 1835 1454 1862 ,

210 1888 291 1962 cnjus
306 1889 455 1946 consilimn
469 1896 534 1949 erut
548 1890 585 1949 sd
600 1891 660 1950 dies
676 1893 785 1964 aliquot
800 1906 909 1950 morum
924 1895 1048 1964 nectere,
1072 1889 1178 1949 deinde
1193 1889 1314 1950 liberius
1326 1898 1374 1958 pro
1453 1879 1454 1950 Ῐ

209 1993 373 2053 dindssione
386 1994 504 2054 instsre.
536 1993 619 2066 Quod
641 2000 736 2055 cutem
751 1995 786 2056 de
801 1996 965 2055 dimissione
985 1995 1061 2070 opud
1075 1994 1287 2068 Morqusrdum
1301 2004 1371 2050 meu·
1452 1967 1454 2070 Ι

209 2100 317 2156 tionem
331 2097 499 2174 luceremus,
515 2095 576 2159 hae'c
591 2116 679 2158 conss
694 2101 819 2175 suberat,
844 2100 922 2174 quod
938 2099 1019 2159 nobis
1034 2115 1204 2174 persuasum
1219 2103 1295 2172 eret,
1310 2109 1372 2154 non-

210 2203 295 2262 nullis
310 2205 359 2277 qui
374 2222 433 2265 uns
447 2204 595 2266 nobiscum
608 2204 769 2279 Augustam
783 2207 865 2266 oitsti
879 2204 1007 2280 buerunt,
1028 2205 1142 2266 domum
1156 2203 1306 2264 remeandi
1319 2213 1372 2257 cer·

210 2313 271 2367 tum
286 2310 422 2383 temporis
437 2311 560 2385 spatium
577 2311 689 2386 dutum,
713 2311 791 2384 quod
812 2313 906 2387 ipsum
920 2317 1017 2373 umen
1031 2316 1133 2387 postor
1146 2327 1205 2371 non
1218 2311 1285 2373 veri
1299 2301 1373 2368 disti·

211 2415 278 2474 mile
293 2411 381 2474 icisse
397 2405 572 2490 compertum
588 2421 641 2476 est.
1452 2497 1453 2504 ἵ

299 2519 520 2580 suebotensem
540 2522 657 2582 allocuti
679 2539 792 2596 sumus,
813 2525 863 2596 qui
883 2538 937 2599 pro
959 2537 1041 2581 more
1061 2538 1113 2608 suo
1128 2520 1289 2596 respondit,
1311 2509 1374 2574 nihil

212 2626 307 2687 adhuc
322 2625 429 2686 Oaessri
443 2643 532 2701 super
545 2633 645 2687 nostro
660 2631 776 2702 negotio
790 2629 913 2687 relatum
928 2643 1005 2700 esse,
1029 2641 1083 2686 nec
1096 2626 1176 2685 illum
1190 2626 1298 2697 lutere,
1314 2633 1373 2677 0⁸11·

212 2747 273 2790 sum
287 2730 414 2806 Philippi
434 2732 546 2792 comitis
561 2748 579 2790 o
593 2731 708 2791 Nssssu
729 2737 759 2792 et
780 2736 908 2794 nostram
928 2731 990 2792 iere
1006 2731 1126 2791 eundem
1141 2743 1213 2789 esse.
1255 2727 1374 2800 Rogatis

211 2836 299 2908 igitur
306 2833 454 2913 (quonism
465 2836 503 2896 od
517 2838 698 2910 imperatoris
712 2838 849 2911 palatium
865 2853 1032 2898 accessurus
1044 2838 1106 2911 jsm
1120 2835 1202 2896 uobis
1211 2823 1373 2899 rideretur),
1451 2905 1452 2908 Ἴ

212 2939 304 2998 nostri
323 2941 496 3000 mentionem
516 2940 624 3000 bebere
643 2943 739 3002 vellet.
777 2940 952 3016 Respondit:
975 2940 1109 3000 Profecto
1129 2945 1174 2999 tot
1187 2944 1257 2998 sunt
1270 2932 1375 3013 publiea

211 3042 337 3116 negotis,
352 3046 385 3103 ut
398 3043 535 3103 imotenus
550 3046 587 3104 de
601 3046 722 3120 privetis
737 3048 785 3118 egi
799 3047 870 3105 nihil
885 3047 1020 3121 potuerit,
1036 3049 1065 3106 et
1079 3045 1157 3105 intre
1171 3046 1245 3104 duos
1261 3043 1322 3103 dies
1342 3031 1374 3094 td

212 3148 415 3221 imperatorem
430 3163 561 3208 secessus
576 3150 645 3208 mibi
660 3166 718 3209 non
733 3150 916 3211 concedetur.
955 3151 1012 3211 Sed
1026 3158 1123 3212 tomen
1137 3149 1256 3222 iscium,
1280 3143 1374 3206 tulum

212 3252 371 3327 imperator
387 3254 424 3313 de
437 3253 482 3312 bis
495 3252 676 3316 informetur.
701 3252 821 3315 Osrolus
837 3255 926 3330 igitur
939 3263 969 3316 et
979 3255 1112 3316 Eubulus
1126 3253 1257 3332 priorem
1268 3247 1374 3330 petitio·

213 3374 277 3418 nem
292 3363 441 3436 repetunt,
465 3375 528 3419 cum
543 3358 767 3436 significatione,
793 3360 870 3434 quod
893 3363 1017 3422 maximo
1032 3363 1158 3435 regionis
1174 3366 1203 3419 et
1217 3373 1314 3419 rerum
1327 3365 1373 3410 11⁰·

212 3471 337 3526 strurum
352 3466 501 3542 dispendio
515 3467 581 3526 istic
594 3471 706 3544 tempus
716 3473 885 3526 tereremus.
909 3465 1099 3540 Qusmobrem
1114 3465 1142 3525 d.
1158 3480 1219 3525 suse
1233 3458 1375 3523 cordium

213 3589 395 3648 rogaremus,
435 3590 503 3634 num
525 3574 581 3649 ipsi
604 3573 765 3636 consultum
790 3571 938 3632 videretur
963 3587 1126 3631 acsesureu
1147 3570 1297 3643 majestate
1317 3570 1374 3621 cum

212 3678 307 3747 grstia
331 3677 523 3738 dimissionem
546 3681 685 3740 mensium
712 3679 821 3753 obqnot
842 3681 956 3752 petere,
986 3676 1132 3736 reversuri
1151 3680 1185 3733 ut
1207 3675 1328 3750 primum
1348 3658 1375 3721 id

211 3778 284 3850 jussi
299 3777 450 3855 fuerimus,
467 3788 498 3841 st
511 3783 711 3844 Atrebstensis
727 3785 781 3844 sit:
807 3782 891 3842 Certe
906 3781 1071 3841 sosarmo
1086 3797 1144 3840 non
1158 3780 1293 3852 potietur.

302 3882 422 3942 Fratres
431 3887 523 3944 nostri
532 3875 646 3945 interim
655 3889 883 3948 Mommibsnum
894 3887 995 3947 ducem
1004 3886 1114 3960 adiere,
1125 3885 1174 3958 qui
1182 3899 1238 3959 pru
1252 3873 1372 3942 humeni-

213 3991 275 4047 tste
291 4003 343 4047 sus
366 4003 415 4047 eos
434 3970 555 4048 audiens
576 3990 732 4050 clementer
748 3995 844 4052 omnis
858 3993 1007 4065 promisit,
1032 3989 1108 4051 forte
1124 3989 1183 4050 Titi
1202 3977 1374 4063 impersttffl's

215 4094 336 4168 dictum,
364 4095 505 4155 nemiuem
528 4097 662 4166 oportere
682 4111 700 4154 s
723 4092 797 4176 lucie
815 4097 954 4170 principis
973 4095 1086 4157 tristem
1108 4094 1198 4170 ubire,
1220 4096 1314 4154 mente
1333 4097 1374 4146 rt·

214 4200 321 4259 colens.
943 4181 947 4189 ¹

305 4294 435 4364 Eubulus
449 4302 527 4362 aedes
541 4302 654 4364 Nicol'ui
668 4303 763 4362 Maior
777 4305 862 4377 petit,
886 4304 948 4375 sius
967 4294 1115 4365 consilium
1130 4303 1288 4364 auditurus.
1323 4292 1373 4355 V0·
1447 4287 1448 4320 *

216 4408 317 4467 luisset
330 4409 446 4480 quidem
459 4407 506 4466 bic
521 4409 617 4465 omniu
635 4408 716 4467 nobis
737 4423 773 4464 ex
787 4408 861 4465 votis
882 4408 1000 4480 cedere;
1024 4409 1075 4468 sed
1090 4411 1140 4482 qul
1153 4409 1254 4483 lupum
1268 4399 1373 4468 sumtu
