2940 4900
633 327 700 398 tot

77 521 105 566 se
117 503 228 570 mundo,
240 521 262 568 a
276 505 367 568 nobis
380 523 438 568 non
451 508 627 582 posthaberi.
679 507 843 570 Videndum
864 513 960 570 1111111
975 510 1058 570 nobis
1073 515 1126 584 est,
1149 525 1187 570 ne
1207 509 1254 570 hic

72 611 151 684 juxta
173 611 201 671 d.
219 611 306 672 Petri
329 613 514 674 monitionem
533 615 595 674 hec
616 631 635 674 a
654 615 759 675 mundo
784 615 821 676 ob
844 616 1001 690 nequitiam
1028 619 1156 675 nostram
1173 615 1254 688 justo

76 715 136 775 odio
155 715 239 791 digni
260 720 421 793 patiemur.
466 719 548 778 Tunc
570 719 646 778 enim
666 737 742 780 sena
761 726 792 781 et
815 719 980 782 irustranea
1000 725 1099 780 1111111
1121 719 1254 792 gloriatio

74 819 152 880 ioret.
191 821 253 882 Sed
268 840 406 897 quaerere
421 825 564 898 quispiam
582 828 696 898 posset,
714 839 777 884 cum
793 823 922 884 Christus
939 825 1017 899 dicit,
1042 823 1183 884 »mundus
1202 837 1253 882 vos

75 926 162 1002 odit«,
177 943 218 986 nn
231 927 293 988 hoc
309 929 389 990 dicto
403 930 488 990 etiam
503 931 572 990 velit
585 928 733 1002 pontifices
748 935 778 990 ot
792 931 943 1004 optimates
957 930 1056 990 mundi
1070 930 1123 990 snb
1137 929 1254 988 nomine

75 1031 168 1091 mundi
187 1033 340 1094 roueludi.
377 1034 563 1109 Respondeo,
589 1035 786 1096 meretricibus
805 1041 835 1096 et
855 1036 1015 1110 publicanis
1043 1033 1253 1108 qnodmmodo

76 1135 170 1195 melius
185 1152 254 1196 cum
270 1135 392 1199 Ohristo
407 1141 586 1214 convenisse,
609 1156 644 1200 eo
660 1140 736 1214 quod
756 1141 811 1200 hoo
824 1140 970 1204 hominum
984 1157 1075 1215 genus
1089 1145 1119 1200 et
1133 1147 1253 1215 peccato

76 1255 124 1298 sus
137 1245 166 1300 et
179 1241 333 1304 medicum
351 1245 510 1305 animarum
533 1261 649 1305 suarum
664 1245 807 1305 Christum
830 1247 913 1306 citius
928 1247 1091 1320 agnoverit,
1112 1245 1253 1306 Pharisaei

76 1359 139 1402 vero
153 1349 184 1404 et
197 1362 345 1424 proceres
355 1349 464 1423 jndaici
478 1353 658 1424 apertissimo
681 1351 749 1418 odio
763 1349 840 1409 hunc
853 1351 1000 1425 prosecuti
1013 1356 1094 1423 snut,
1119 1354 1151 1408 nt
1166 1350 1252 1408 etiam

79 1449 253 1523 evengelista
267 1453 402 1514 Jonnnes
418 1455 455 1515 de
469 1455 565 1517 Pilato
580 1457 693 1517 ethnico
709 1454 823 1528 dixerit,
844 1454 937 1514 sciens
952 1454 1165 1529 quodpropter
1178 1453 1252 1512 inri-

80 1551 151 1612 diam
164 1555 364 1618 tradidissent
378 1575 452 1620 cum.
489 1561 560 1620 Hac
574 1562 663 1636 igitur
678 1561 813 1633 scientes,
837 1559 880 1618 ait
893 1557 1053 1632 Masculus,
1077 1558 1187 1618 suimoe
1203 1572 1253 1616 uo-

79 1659 149 1716 stros
164 1657 369 1736 obfirmemus,
395 1680 459 1724 cum
472 1665 535 1724 haec
548 1667 701 1742 apostolis,
722 1662 909 1738 perduchis,
930 1663 1078 1738 prophetis
1092 1667 1122 1722 et
1137 1663 1253 1724 domino

78 1759 128 1830 ilii
143 1759 261 1825 Christo
283 1766 459 1844 acciderint,
480 1772 506 1830 si
526 1771 680 1846 diqmrdo
703 1776 733 1831 et
751 1770 782 1828 iu
804 1775 934 1830 nostrum
955 1770 1049 1828 sinum
1063 1765 1193 1842 influant,
1216 1783 1252 1827 ne

81 1877 152 1936 egre
165 1865 222 1927 hoc
236 1867 378 1946 ieramus,
393 1873 446 1934 sed
461 1891 539 1950 eum,
563 1878 612 1950 qui
628 1892 680 1936 nos
695 1877 775 1950 prius
789 1875 876 1948 elegit
891 1880 1020 1947 ecquem
1034 1873 1157 1934 mundus
1171 1873 1253 1947 prins

79 1966 139 2028 odio
152 1969 266 2048 hebuit,
277 1976 432 2053 1111111111,
443 1980 636 2042 obedientiam
650 1981 692 2040 illi
708 1985 876 2054 prestamus
892 1986 922 2042 et
932 1979 1095 2060 aconicssa
1105 1980 1194 2038 semol
1203 1993 1251 2036 ve-

81 2072 243 2138 diatonon
267 2081 449 2160 recidamus,
476 2085 553 2158 qnod
572 2086 655 2147 nobis
677 2084 776 2147 111111
800 2085 870 2147 deus
893 2091 977 2160 poter
998 2101 1051 2160 per
1067 2081 1156 2144 filium
1170 2097 1252 2143 snum

82 2174 183 2240 lesum.
207 2183 315 2246 Amen.

165 2285 283 2348 Eadem
305 2290 489 2352 wilhelmum
511 2294 642 2354 comitem
661 2310 680 2354 n
702 2295 816 2354 Nessea
839 2295 870 2354 in
892 2294 1016 2368 hospitio
1046 2293 1253 2367 archiepiscopi

86 2383 259 2456 coloniensis
282 2395 400 2456 allocuti
415 2413 525 2472 sumus,
551 2399 600 2471 qui
623 2399 664 2459 ait
684 2415 715 2460 se
730 2398 975 2474 archiepiscopum
995 2397 1087 2458 nostri
1102 2411 1171 2470 ergo
1187 2410 1253 2454 oon-

87 2493 206 2573 senissc,
227 2505 258 2560 et
281 2500 324 2562 illi
338 2517 397 2562 non
411 2503 519 2576 prester
532 2519 593 2562 rem
613 2503 718 2578 111111,
742 2505 767 2563 11
789 2503 828 2564 11
848 2502 1002 2579 prandium
1022 2501 1160 2574 edessem,
1185 2515 1252 2560 nem

86 2596 522 2680 ἰ11111111111111111111111111.
568 2608 695 2670 Prandio
716 2608 805 2682 igitur
825 2606 1001 2668 coloniensis
1023 2607 1168 2682 precipue
1189 2606 1251 2678 ejus

89 2719 187 2766 uerna
209 2711 379 2772 assidebant
392 2712 481 2774 abhas
496 2730 516 2772 e
530 2713 733 2789 weingarten,
750 2707 897 2787 Gervious,
922 2712 1101 2786 wilhelmus,
1125 2726 1252 2772 comesa

89 2806 206 2890 Nasson,
221 2815 371 2890 Eubulus,
394 2816 462 2877 Otto
476 2833 570 2878 comes
585 2834 603 2878 1
619 2818 821 2892 Schnumberg,
843 2817 1014 2880 Ohunredus
1028 2834 1046 2878 e
1060 2816 1253 2892 Benneburgk

89 2919 472 2998 tiumbaroasehonberg,
483 2924 532 2996 qui
541 2925 733 2984 marschalcus
743 2925 858 2986 caessris
874 2923 987 3000 dicitur,
996 2921 1251 2996 VitussVelbcrg.

169 3024 335 3102 Apreudio
349 3028 408 3098 ¹der
432 3028 568 3088 vnbillich
590 3029 674 3090 Bilck
695 3030 877 3104 provincialis
900 3029 1119 3090 Carmeliterum
1141 3026 1179 3088 11
1200 3042 1253 3087 uos
1335 3061 1339 3070 »

90 3127 170 3204 venit,
186 3131 379 3209 interrogans,
397 3133 527 3206 nunquid
541 3151 586 3194 me
600 3135 766 3194 Retisbome
780 3136 908 3199 vidisset
945 3135 1043 3196 Primo
1058 3132 1195 3210 respondi
1208 3147 1254 3192 me

93 3233 212 3311 1111111,
237 3243 425 3310 posteaquam
444 3243 539 3298 antem
560 3255 625 3298 enm
639 3255 743 3315 urgere
758 3242 872 3316 andivi,
896 3257 992 3304 ennon
1006 3241 1147 3314 colloquio
1162 3239 1252 3298 inter·

91 3329 209 3416 imorem,
226 3343 376 3418 respondi:
394 3344 471 3404 Situ
485 3361 516 3404 cs
530 3344 580 3405 ille
594 3346 710 3420 imqum
725 3360 824 3418 aequus
840 3345 938 3423 (allnsi
952 3348 1028 3406 onim
1042 3345 1081 3406 cd
1095 3358 1253 3417 cognomen

19 3421 21 3518 Ι
94 3439 160 3517 1113)
181 3445 227 3508 fui
239 3449 304 3508 istic
318 3452 348 3508 et
360 3454 390 3508 te
405 3439 518 3523 quoque
532 3449 604 3524 vidi,
627 3466 680 3510 uec
699 3449 811 3524 ebuego
826 3465 872 3510 me
893 3449 999 3510 ibidem
1013 3448 1110 3520 luisse,
1126 3460 1180 3504 nec
1193 3460 1255 3519 poe·

93 3543 165 3607 nitet.
189 3551 330 3612 Bilclrium
352 3559 449 3614 satem
464 3555 654 3629 interrogavi,
671 3556 721 3628 qui
734 3553 832 3628 deret,
854 3551 933 3626 qnod
951 3551 1036 3612 modo
1057 3553 1254 3623 macerasset,

94 3662 151 3710 cum
164 3654 330 3720 Retisbonae
348 3659 451 3720 obesus
465 3657 562 3734 buerit,
579 3665 609 3720 11
622 3674 698 3718 nuuc
710 3664 788 3720 totus
803 3662 876 3733 1111,
892 3673 956 3717 cum
969 3661 1039 3716 tunc
1053 3656 1143 3730 nigrae
1158 3654 1253 3716 oucul-

94 3751 125 3812 11
138 3761 287 3824 cumdem
302 3761 470 3824 chlamidem
484 3763 736 3837 superinduxerit?
769 3762 974 3838 Respondisse
989 3778 1065 3822 nunc
1079 3762 1110 3820 in
1124 3760 1253 3838 peregri·

96 3863 202 3928 utone
216 3883 280 3928 osse
295 3873 325 3928 et
338 3884 398 3928 nou
412 3868 505 3930 solere
516 3869 638 3930 csudido
650 3871 758 3944 vestiri,
769 3868 825 3930 uisi
837 3870 869 3929 in
884 3869 1063 3944 gravioribus
1077 3873 1252 3930 versaretur.

96 3960 147 4028 Sed
165 3977 318 4047 nunqnam
338 3987 432 4034 sermo
455 3973 531 4034 inter
552 3989 604 4055 nos
624 3975 737 4049 longius
761 3976 1000 4050 progrederetur,
1025 3979 1137 4036 mature
1159 3987 1254 4030 comes

97 4065 256 4138 wilhelmus
270 4080 434 4140 missionem
449 4077 487 4156 ab
502 4080 636 4154 episcopo
644 4079 744 4154 petiit,
764 4095 848 4156 quem
871 4082 949 4142 ocius
964 4079 1133 4151 subsequuti
1147 4091 1252 4136 sumus.

19 4245 21 4268 ζ
96 4171 171 4242 Hunc
189 4181 345 4258 honorem,
375 4199 439 4246 cum
462 4201 508 4245 me
530 4183 568 4246 od
589 4201 696 4258 munes
719 4183 880 4261 pontificias
902 4183 1104 4256 wolscorum,
1126 4187 1187 4240 tum
1209 4196 1254 4242 re·

96 4289 208 4350 mrum
270 4317 273 4322 ·

19 4405 34 4440 1·
129 4389 135 4405 ’
175 4389 331 4462 Ottbooen
354 4401 384 4462 et
397 4394 553 4462 bresetum
571 4395 700 4464 conicio
716 4392 957 4468 rachenberc,
972 4390 1079 4531 batres
1100 4405 1253 4470 1111111101

967 4501 1004 4557 11
