3028 4894
721 313 766 384 65

155 509 208 554 nos
219 495 332 567 iustum
346 493 403 554 Dei
413 493 553 568 judicium
567 495 597 554 in
610 496 666 553 hoc
679 509 926 568 cognosceremus.
958 495 1032 568 Quia
1052 498 1127 556 enim
1147 498 1241 558 ludaei
1262 514 1330 559 cons

154 603 201 658 tra
220 599 426 659 conscientiam
445 600 596 660 veritatem
610 600 647 658 de
661 597 788 660 salvifica
807 601 1019 661 resurrectione
1034 600 1141 662 Christi
1161 604 1269 664 domini
1284 619 1330 662 res

155 705 253 777 cipere
272 704 446 776 abnuebant,
470 704 601 777 permissi
621 709 689 762 sunt
710 703 774 778 sibi,
798 710 831 764 ut
849 707 900 777 iis,
925 707 974 780 qui
994 706 1031 768 ob
1051 707 1231 786 pecuniolam
1251 724 1329 768 men·

155 806 270 868 dacium
289 809 345 870 hoc
365 809 401 868 de
420 806 499 868 iurto
519 809 616 868 ablato
638 807 743 868 Christi
763 826 884 884 corpore
904 808 1057 886 finxerunt,
1082 808 1167 872 fidem
1181 811 1330 884 haberent,

155 913 242 988 idque
263 913 392 974 Sathena
412 919 442 972 et
464 914 620 988 instigante
641 920 671 973 et
693 921 875 990 cooperante.
914 915 1000 988 Sunt,
1023 917 1130 992 inquit,
1153 916 1208 976 boc
1230 922 1330 976 nostro

156 1033 228 1090 evo,
245 1019 295 1092 qui
309 1025 427 1093 accepta
442 1020 563 1092 pecunia
578 1020 762 1093 mentiuntur,
786 1022 835 1095 qni
850 1020 998 1080 mendacio
1013 1023 1107 1096 potius
1123 1039 1209 1097 quam
1223 1024 1330 1098 agnitae

155 1124 273 1184 veritali
287 1122 404 1182 credere
419 1124 537 1183 malunt.
568 1123 627 1184 Sed
647 1127 723 1186 unde
743 1128 799 1185 nisi
819 1141 855 1184 ex
875 1130 1001 1202 peccato,
1026 1127 1103 1202 quod
1123 1127 1235 1188 obuiam
1254 1130 1328 1189 veri·

154 1231 246 1286 tatem
260 1227 419 1302 respuunt?
449 1228 585 1302 Allegans
605 1229 636 1288 in
654 1229 709 1290 hoc
729 1231 823 1290 locum
843 1229 927 1290 Pauli
945 1230 984 1290 ad
1002 1229 1057 1291 Ro.
1076 1236 1105 1291 1.
1138 1234 1177 1292 Et
1192 1235 1327 1308 quemad·

154 1330 271 1391 modum
286 1350 344 1392 non
364 1332 568 1408 probauerunt,
591 1339 624 1392 ut
644 1331 738 1394 Deum
758 1340 957 1408 agnoscerent,
980 1335 1021 1394 ita
1041 1335 1160 1395 tradidit
1181 1353 1230 1396 eos
1249 1336 1329 1402 neus

153 1437 186 1494 in
200 1437 353 1510 reprobam
373 1442 506 1510 mentem,
529 1442 563 1496 ut
580 1436 711 1497 iacerent
729 1454 793 1511 que
812 1455 870 1498 non
889 1439 1051 1499 veniebant.
1082 1439 1129 1500 Sic
1150 1446 1180 1500 et
1195 1458 1270 1500 nuno
1284 1440 1326 1500 di-

154 1541 244 1612 citur,
269 1557 287 1600 a
305 1542 401 1602 multis
421 1543 504 1602 annis
524 1542 579 1602 hoo
599 1542 729 1616 duravit,
753 1544 805 1602 sed
828 1543 865 1603 ab
886 1544 921 1602 iis
941 1549 1067 1618 matum,
1091 1547 1140 1618 qui
1160 1545 1270 1604 malunt
1284 1547 1326 1604 in·

154 1642 241 1703 ducto
256 1646 348 1705 errori
363 1662 397 1704 ac
412 1647 584 1722 evangelica
598 1648 712 1707 veritati
728 1649 855 1708 credere.
887 1649 983 1722 Quare
1004 1649 1115 1709 accidet
1129 1655 1159 1709 et
1173 1649 1227 1722 his,
1251 1648 1329 1723 quod

154 1747 265 1808 Judacis
279 1749 434 1810 incredulis
450 1752 553 1812 evenit.
592 1752 682 1812 Satan
697 1753 780 1826 enim,
803 1758 888 1827 pater
908 1753 1121 1814 mendaciorum
1140 1756 1218 1829 ipsos
1233 1770 1268 1816 eo
1282 1754 1326 1813 in-

154 1851 247 1928 duxit,
271 1859 304 1912 ut
321 1871 426 1930 papam
449 1860 478 1915 et
497 1873 564 1919 suos
591 1863 621 1916 et
640 1857 776 1931 quicquid
796 1860 1020 1933 excogitaverint
1042 1859 1139 1933 aride,
1163 1864 1328 1934 contemptu

154 1959 316 2032 evangelio,
338 1961 487 2034 arripiant.
524 1961 626 2022 Intulit
644 1968 674 2020 et
692 1961 739 2020 hic
758 1963 834 2022 inter
852 1964 910 2024 alia
928 1964 1051 2038 insignia
1069 1971 1099 2024 et
1113 1967 1242 2024 enormia
1256 1963 1326 2051 facif

153 2075 227 2120 nora
246 2064 423 2138 papistarrmr
442 2067 672 2126 nocentissimum
692 2066 764 2125 illud
784 2073 972 2128 commentum
990 2069 1212 2144 predicatorum
1227 2083 1325 2128 mona·

152 2164 272 2226 chorum
292 2170 323 2230 in
342 2169 458 2230 Verona
477 2176 683 2244 perpetratum,
707 2172 784 2245 quod
804 2174 835 2232 in
858 2172 988 2232 omnibus
1008 2174 1137 2249 pistrinis
1157 2174 1327 2249 popinisque

152 2271 249 2330 notius
265 2277 319 2346 est,
343 2289 428 2347 qnam
449 2279 482 2333 ut
502 2276 548 2335 bie
567 2274 673 2335 ascribi
692 2280 846 2336 mereatur.
876 2277 948 2338 Item
970 2277 1006 2337 de
1020 2278 1219 2338 Franciscanis
1234 2282 1263 2337 et
1277 2275 1326 2336 fic·

152 2375 221 2436 ticio
243 2385 455 2454 personatoqne
478 2396 577 2440 eorum
605 2379 720 2442 Christo
748 2381 831 2460 (puto
858 2383 1049 2456 stigmaticum
1077 2379 1274 2456 Franciscum)
1296 2387 1328 2443 et

154 2482 294 2554 quomodo
309 2484 471 2546 hominess
491 2485 604 2545 Christo
627 2486 665 2546 ad
684 2486 802 2559 propria
823 2501 912 2560 opera
931 2485 1128 2558 avocaverint,
1152 2501 1217 2544 cum
1231 2491 1327 2546 tamen

153 2587 225 2646 nulli
239 2605 364 2664 unquam
379 2590 435 2649 nisi
450 2607 485 2652 ex
500 2593 627 2664 gratuita
641 2589 697 2649 Dei
712 2590 908 2650 misericordia
928 2605 981 2664 per
1001 2592 1134 2650 meritum
1150 2588 1257 2649 Christi
1271 2588 1327 2650 fide

152 2693 363 2768 apprehensum
379 2696 456 2756 salus
471 2697 625 2770 contigerit
640 2700 693 2754 etc.
724 2695 876 2753 Postremo
891 2709 1019 2766 monens,
1043 2711 1080 2754 ne
1102 2699 1132 2755 et
1146 2711 1198 2754 nos
1214 2711 1328 2770 quoque

153 2799 300 2873 spiritibus
320 2802 428 2860 erroris
447 2801 595 2874 praeterita
614 2800 735 2858 veritate
758 2798 864 2858 Christi
884 2799 1074 2874 crederemus,
1098 2815 1134 2858 ne
1154 2799 1236 2860 nobis
1251 2800 1328 2861 idem

154 2903 231 2976 quod
249 2895 358 2964 Judaeis
378 2910 408 2964 et
426 2904 612 2978 Antichristo,
637 2905 696 2978 qui,
719 2905 821 2978 inquit,
844 2918 903 2964 non
922 2920 996 2964 unus
1017 2909 1070 2978 est,
1094 2904 1146 2964 scd
1167 2905 1328 2980 quicunque

152 3024 237 3084 papae
257 3013 287 3068 et
304 3009 363 3068 suis
383 3009 546 3082 adherent,
571 3009 649 3082 quod
668 3025 686 3068 a
705 3009 787 3068 nobis
807 3009 951 3082 piissimus
973 3009 1104 3070 dominus
1124 3014 1223 3070 noster
1242 3010 1328 3070 Jesus

154 3110 285 3172 Christus
299 3130 352 3189 per
367 3131 447 3173 suam
462 3113 616 3187 gloriosam
630 3114 870 3180 resurrectionem
884 3119 1006 3175 avertat.
1037 3115 1138 3174 Amen.

242 3218 352 3278 Eadem
366 3225 431 3278 erat
445 3219 527 3278 nobis
542 3219 652 3278 animus
669 3217 885 3276 diminutionem
899 3220 1046 3294 sanguinis
1060 3218 1165 3294 iacere,
1191 3219 1243 3280 sed
1258 3219 1325 3292 quia

154 3321 262 3382 etheri
277 3328 308 3383 ct
319 3324 406 3384 hodie
420 3340 471 3383 aer
485 3328 634 3398 suspectus
649 3328 725 3394 erat,
750 3322 866 3382 anobis
881 3323 1071 3384 intermissam
1086 3329 1139 3385 est.

243 3427 353 3487 Eadem
368 3429 448 3488 curia
461 3428 660 3488 attrebatensis
676 3427 826 3501 repetitur,
850 3426 900 3485 ubi
919 3429 957 3486 ad
974 3428 1189 3486 sollicitationes
1205 3426 1328 3486 aderant

155 3529 398 3605 constantienses,
421 3531 550 3592 Udalrici
572 3533 651 3594 ducis
675 3531 829 3591 consiliarii
851 3535 881 3589 et
902 3527 1000 3588 afflicti
1022 3529 1201 3587 Bremenses.
1241 3529 1328 3588 Venit

154 3642 185 3694 et
198 3635 369 3696 Franciscus
384 3635 534 3696 Corradus
549 3652 567 3696 a
582 3636 745 3710 Siclringen,
761 3632 884 3694 afferens
899 3633 1135 3707 supplicationem
1151 3631 1196 3710 (ut
1210 3631 1326 3709 vocant)

154 3740 267 3800 Nicolai
281 3740 319 3799 ab
333 3741 480 3802 Hattstein
495 3746 682 3816 cognatorum
697 3741 767 3814 ejrrs.
797 3739 870 3797 ltem
884 3739 1012 3798 Joannes
1032 3753 1126 3796 comes
1147 3753 1165 3798 a
1180 3737 1329 3814 Sarbrugk

156 3848 185 3904 et
205 3845 329 3920 Nassau,
352 3847 421 3904 item
443 3844 562 3905 Carolus
586 3860 604 3902 a
626 3843 758 3903 Stockem
780 3841 932 3916 praefectus
959 3843 989 3902 in
1009 3842 1159 3918 Weilburg
1181 3842 1329 3910 nobiscum

156 3949 255 4010 codem
275 3950 336 4010 luto
357 3950 480 4024 haerens,
504 3950 554 4023 qui
575 3949 626 4022 ait,
649 3963 680 4008 se
703 3964 721 4006 a
743 3947 867 4022 quodum
888 3951 1032 4026 accepisse
1053 3955 1083 4010 et
1102 3951 1212 4011 comitis
1233 3950 1278 4008 sui
1300 3953 1331 4011 et

154 4061 282 4116 noemam
296 4070 411 4116 causam
427 4054 534 4114 Caesari
547 4053 669 4112 relatam
684 4068 756 4112 esse.
786 4053 863 4114 Dum
882 4059 979 4114 autem
998 4055 1104 4116 ibidem
1118 4056 1260 4126 integram
1276 4049 1327 4136 h07

154 4177 217 4220 ram
240 4160 462 4233 desedissemus,
493 4159 623 4219 Eubulus
645 4158 830 4220 Leonardum
853 4159 1057 4220 cubiculariam
1078 4156 1209 4233 praesulis
1231 4157 1327 4228 rogat,

155 4269 189 4324 ut
201 4265 272 4324 velit
285 4263 323 4324 ad
336 4264 438 4324 berum
452 4281 534 4324 suum
548 4265 658 4324 intrare
679 4281 713 4324 ac
732 4266 823 4324 nostri
843 4267 959 4324 nornine
973 4261 1132 4336 deprecari,
1155 4265 1188 4318 ut
1202 4258 1248 4318 vel
1263 4263 1326 4324 tarr.

157 4367 221 4433 cem
235 4371 370 4428 comitum
384 4385 402 4428 a
415 4367 556 4428 Waldeck
569 4370 742 4430 mentionem
757 4370 865 4429 habere
887 4370 981 4428 vellet.
1020 4366 1075 4438 Qui
1089 4364 1192 4438 gallice
1207 4376 1326 4438 respon·

200 4485 315 4530 uncae.
1095 4470 1113 4527 5
