2940 4900
739 389 803 452 150

184 587 270 645 quam
285 571 560 644 hacteuuscontigit
573 569 675 628 barum
689 585 787 628 rerum
801 569 943 627 rationem
957 567 1065 628 habere
1079 569 1186 629 velitis.
1220 567 1350 628 Consola-

184 681 230 734 tus
246 680 291 735 est
305 681 335 734 et
348 674 396 734 bic
410 691 510 733 rursus
525 673 730 747 pusillanimes,
747 673 795 747 qui
811 673 907 732 dicere
922 679 1053 747 possent:
1076 673 1115 733 At
1130 689 1187 748 ego
1203 675 1292 732 miser
1305 671 1352 731 bo

182 781 307 853 mancio,
331 781 381 853 qni
394 781 486 852 possit
499 782 710 854 praceptorum
725 777 831 838 Christi
846 796 864 838 a
878 795 924 837 me
939 777 1104 840 obseruatio
1117 777 1281 852 praestari?
1303 777 1354 835 du·

182 885 262 959 pias,
286 885 392 958 iuquit,
417 900 452 941 ex
472 887 534 941 toto
553 883 639 940 corde
663 883 781 955 implere
800 888 830 943 et
847 900 901 942 ura
914 882 1022 957 Deum,
1046 889 1079 942 ut
1099 897 1163 942 eam
1180 884 1355 942 voluntatem

182 987 237 1046 tibi
252 985 414 1061 confirmet,
439 993 468 1046 et
483 1001 570 1060 opera
585 1003 647 1045 rem
661 987 780 1061 aggredi
794 987 917 1047 studeto.
956 987 995 1046 Et
1011 986 1091 1045 Deus
1112 987 1304 1058 uoluntatem,
1326 990 1355 1044 ut

183 1091 241 1150 diei
256 1091 338 1164 solat,
354 1106 408 1163 pro
424 1106 511 1163 opere
526 1091 695 1166 acceptabit,
712 1098 741 1151 et
754 1092 778 1150 si
793 1093 899 1166 septies
913 1092 944 1149 in
960 1091 1007 1151 die
1020 1093 1118 1164 lapsus
1133 1088 1240 1163 fueris,
1263 1105 1354 1148 resur·
1456 1151 1457 1183 ξ

181 1208 251 1268 gere
266 1208 385 1267 conare,
406 1194 486 1253 Deus
509 1197 585 1255 enim
603 1196 777 1258 voluntatem
801 1210 855 1268 pro
871 1211 958 1267 opere
974 1189 1143 1268 acceptarit.
1183 1194 1250 1253 Nos
1266 1197 1356 1253 autem

181 1298 348 1371 nobisipsis
364 1300 420 1358 isto
434 1298 519 1358 modo
546 1316 605 1359 uon
620 1297 844 1372 satisfaciamus,
866 1298 918 1357 sed
937 1315 973 1358 ex
993 1305 1055 1359 totu
1075 1300 1162 1359 corda
1180 1303 1213 1357 et
1228 1297 1355 1357 omuibus

180 1403 290 1464 viribus
316 1403 444 1476 quotidie
469 1409 616 1477 praeoepta
640 1403 747 1463 Christi
769 1402 889 1478 implere
915 1403 1090 1462 studeamus.
1128 1405 1186 1476 Qui
1214 1420 1286 1463 veru
1307 1417 1355 1460 nos
1456 1397 1457 1405 ’

180 1509 291 1581 amasti,
306 1506 441 1582 Domine,
469 1509 506 1568 da
520 1514 549 1568 te
562 1509 721 1582 redamare,
737 1513 861 1568 mentem
875 1523 988 1584 quoque
1004 1513 1033 1566 et
1046 1509 1229 1568 voluntatem
1245 1522 1315 1581 erga
1327 1511 1354 1564 te

179 1616 303 1683 rectam,
325 1628 447 1687 quoae,
469 1629 532 1686 quae
547 1615 725 1687 praecepisti,
750 1628 837 1686 opere
851 1613 972 1685 implere
991 1613 1151 1686 caicamus,
1175 1617 1211 1672 ut
1231 1609 1355 1671 Mundus

179 1729 336 1787 agnoscere
350 1719 457 1791 possit,
480 1717 555 1790 quod
571 1734 608 1776 ex
623 1718 776 1777 dilectione
798 1717 841 1776 tui
855 1717 991 1776 mandata
1004 1722 1056 1776 tua
1069 1716 1270 1789 observamus,
1287 1729 1353 1788 quos

180 1817 217 1876 de
231 1819 368 1876 immensa
382 1818 512 1879 bonitate
533 1826 584 1879 tuo
599 1823 705 1880 amicos
719 1837 823 1880 uocare
844 1821 978 1894 dignatus
1001 1837 1045 1894 es,
1069 1837 1103 1880 uu
1119 1821 1204 1881 nobis
1221 1820 1352 1895 spiritum
1454 1821 1455 1824 ’

179 1927 260 1980 tuum
283 1938 306 1980 s.
331 1927 360 1980 et
384 1921 491 1979 bonum
514 1940 569 1995 per
590 1923 735 1984 Christum
761 1926 861 1984 Jesum
886 1926 1030 1985 domiuum
1053 1930 1183 1985 nostrum
1212 1921 1352 1998 impartiri

180 2026 261 2086 velis.

266 2130 378 2189 Eadem
393 2130 570 2190 coloniensis
586 2132 624 2191 ad
638 2147 731 2192 arcem
746 2149 826 2193 suam
840 2133 966 2207 Velbarg
981 2133 1066 2193 abiit..
1091 2133 1177 2191 Hunc
1191 2147 1287 2208 napos
1301 2145 1348 2188 uo-

178 2240 238 2293 ster
254 2233 367 2294 Samuel
381 2251 416 2295 eo
431 2221 599 2296 subsecutus
614 2240 666 2295 est.

265 2340 377 2399 Eadem
396 2355 490 2400 comes
512 2341 679 2400 Wilhelmus
701 2342 813 2401 litteras
836 2341 948 2401 Alberti
969 2340 1142 2400 marchionis
1162 2358 1181 2400 a
1199 2337 1349 2402 Brauden·

177 2444 253 2519 burg
266 2445 451 2504 Francisoum
471 2461 489 2503 a
510 2444 623 2518 Dalwig
642 2449 844 2506 concernentes
864 2447 946 2505 nobis
966 2446 1133 2520 transmisit,
1157 2446 1204 2502 cui
1227 2459 1282 2519 per
1301 2439 1347 2498 Li·

177 2548 290 2609 borium
305 2549 420 2608 easdem
433 2550 546 2609 litteras
561 2550 701 2610 addentes
721 2551 830 2610 comitis
845 2549 991 2610 Wilbelmi
1011 2551 1048 2609 ab
1068 2549 1248 2622 Heuueberg
1265 2543 1346 2604 remi·

177 2651 274 2725 simus,
298 2654 417 2726 insuper
431 2653 557 2727 Liboriu,
582 2654 652 2726 quid
665 2661 764 2714 nostro
779 2655 893 2714 nourine
909 2671 927 2713 a
940 2656 1043 2714 comite
1058 2653 1212 2738 Wilhelmu
1228 2653 1345 2728 peteret,
1446 2636 1450 2661 ²

176 2755 357 2830 injungentes
377 2761 430 2815 etc.

264 2860 369 2918 Florus
384 2866 414 2918 et
428 2861 578 2938 Philippus
592 2860 684 2920 frater
698 2863 728 2919 in
743 2878 792 2920 rus
808 2861 915 2919 abiere.

264 2963 374 3021 Eadem
395 2979 449 3037 per
470 2965 858 3024 Moseou‘Wormacieusem
883 2966 965 3024 uobis
993 2965 1127 3025 exhibitae
1154 2971 1224 3024 sunt
1246 2959 1345 3023 nanta

176 3064 355 3123 conciliabuli
371 3066 541 3124 Tridentini.
572 3067 707 3124 Venimus
722 3073 751 3126 et
765 3070 865 3128 eadem
885 3069 923 3128 ad
941 3069 1057 3143 iontem,
1082 3072 1131 3142 qui
1152 3071 1248 3128 estin
1268 3066 1344 3126 fossa

176 3167 256 3228 urbis
270 3167 407 3242 Augustae
423 3183 482 3226 uon
496 3170 596 3243 procul
611 3187 627 3228 a
642 3175 727 3244 porta
742 3178 848 3230 sanctae
863 3175 955 3232 crucis
971 3173 1139 3233 exeuntibus
1153 3174 1191 3231 ad
1205 3173 1343 3235 dextram,

177 3285 262 3344 quem
267 3273 480 3332 Maximiliauus
496 3289 594 3346 caesar,
606 3275 648 3338 ita
660 3279 693 3332 ut
703 3275 853 3348 aliquoties
866 3293 901 3335 ex
916 3293 950 3337 eu
965 3279 1063 3337 bibare
1076 3279 1177 3336 solitus
1192 3279 1239 3350 sit,
1252 3280 1283 3336 in
1297 3274 1342 3332 da-

177 3375 251 3436 liciis
268 3376 378 3452 babuit,
402 3385 434 3438 ut
455 3383 578 3438 testatur
596 3380 754 3453 inscriptio,
778 3395 842 3453 quae
861 3381 985 3441 babetur
1004 3384 1034 3441 in
1055 3398 1125 3441 saxo
1147 3381 1185 3440 ad
1204 3382 1343 3455 parietem

175 3479 272 3542 fontis.

231 3665 235 3682 ,
263 3587 323 3646 Sub
337 3594 449 3647 noctem
464 3585 597 3648 Liberius
617 3589 744 3649 notulam
763 3589 842 3656 illam
861 3591 1064 3664 recognitionis
1084 3596 1114 3650 at
1133 3584 1342 3663 capitulationis

175 3687 252 3746 inter
266 3705 402 3766 caesarem
417 3698 446 3751 et
459 3711 504 3752 me
520 3693 633 3753 obtulit.
665 3695 706 3753 Et
724 3710 887 3767 quanquam
905 3710 959 3768 par
978 3711 1010 3753 se
1024 3696 1085 3769 jam
1104 3700 1165 3753 tum
1178 3693 1263 3754 nobis
1277 3705 1339 3766 gre·

174 3789 290 3849 sissima
304 3793 366 3851 uisa
380 3794 430 3866 sit,
454 3801 550 3855 tamen
566 3799 665 3858 doctor
681 3799 783 3858 Saldus
797 3805 973 3874 protestatus
988 3805 1045 3871 est,
1070 3800 1094 3856 si
1108 3799 1154 3857 vel
1172 3813 1264 3857 caesar
1281 3798 1340 3870 ipse

174 3893 220 3953 vel
234 3893 432 3954 Atrebatensis
447 3896 543 3970 aliqua
557 3901 587 3958 in
602 3918 637 3960 ea
651 3905 788 3964 mutaturi
803 3905 868 3980 sint,
893 3920 957 3977 quae
976 3904 1045 3962 mihi
1064 3902 1196 3963 acerbius
1214 3901 1340 3961 rideren-

174 4003 232 4075 tur,
256 4016 293 4058 ne
308 3999 344 4058 de
357 3999 411 4058 boc
427 3999 542 4058 Saldum
556 4003 687 4062 incusare
702 4004 796 4066 ‘velim

224 4131 227 4139 =
262 4103 386 4162 Domine
400 4103 419 4163 J
421 4121 480 4178 esu,
503 4121 594 4178 angor
609 4123 628 4164 a
643 4107 751 4166 dextris
767 4115 797 4167 et
811 4117 974 4170 coarctare
994 4111 1125 4184 sinistris,
1150 4110 1188 4169 da
1207 4109 1338 4168 resiscere

174 4212 204 4264 et
217 4206 270 4266 tibi
285 4210 339 4268 soli
354 4207 453 4282 lidere,
477 4209 545 4268 anni
561 4211 636 4269 euim
650 4211 694 4269 tui
708 4229 765 4271 non
781 4211 921 4290 deficient,
945 4216 1034 4276 ceteri
1048 4230 1146 4274 omnes
1161 4211 1337 4287 quantumvis

172 4313 305 4383 potantes
325 4317 358 4369 ut
376 4313 574 4372 vestimentum
592 4316 788 4376 mutabuntur.
826 4318 850 4377 0
871 4335 924 4378 rex
943 4337 1043 4394 regum
1063 4325 1092 4378 et
1114 4319 1276 4378 dominator
1289 4316 1335 4375 do·

172 4414 258 4487 mina,
282 4413 397 4474 destrue
419 4435 530 4478 omnam
553 4428 723 4482 structorem
745 4429 774 4481 et
796 4411 984 4483 aeffificantem
1004 4442 1062 4485 non
1083 4423 1234 4482 fundatum
1255 4433 1336 4494 super
