3028 4894
767 315 812 392 tt

290 515 401 576 Eadem
415 529 509 575 comes
521 508 691 574 Wribelmus
706 513 805 570 mutuo
822 509 903 570 nobis
917 499 997 570 dedit
1010 507 1174 584 qaindecim
1187 501 1255 570 dns
1266 509 1370 570 concic-

198 621 252 682 'nee
266 618 415 682 Michaelis
434 618 609 692 suffraganei
628 615 857 688 Moguntinensis
878 614 914 673 de
933 613 1112 674 sanctissima
1132 615 1234 690 missa,
1258 614 1373 674 scilieet!

289 725 410 800 Quidum
429 723 567 800 principie
587 720 707 794 ancujus
729 734 788 778 non
809 720 922 778 omnino
940 720 1058 794 pessimi
1076 721 1178 780 noxios
1199 721 1374 780 consiliarios

196 829 372 892 'michaelem
386 829 520 890 Judaum
541 832 571 887 et
590 827 732 887 Jcannem
745 823 880 882 Islebinm
901 823 1067 898 theologam
1088 841 1151 885 esse
1177 825 1264 885 dixit.
1302 825 1376 886 Proh

202 936 298 1009 dolor,
322 950 383 994 rem
398 950 452 992 acu
469 933 576 1006 tetigit

291 1038 381 1098 Libra
395 1037 552 1096 aromatica
565 1049 624 1093 una
638 1048 692 1109 pro
707 1031 832 1092 denariis
854 1031 966 1092 duobus
985 1035 1016 1093 in
1034 1035 1201 1095 molendino
1222 1032 1377 1094 aromatico
1482 1104 1483 1108 Ἰ

203 1141 398 1204 contunditur.

292 1247 403 1308 Eadem
421 1261 515 1308 comes
530 1263 549 1306 a
562 1245 676 1305 Nasson
696 1245 833 1319 scriptum
854 1245 1051 1317 compromissi
1064 1244 1258 1318 landtgraviae
1279 1249 1310 1302 et
1329 1257 1378 1300 suo
1482 1289 1483 1292 ,

204 1353 298 1430 sigillo
313 1352 529 1413 corroboratum
542 1351 601 1410 suis
616 1349 788 1423 syngraphis
808 1348 998 1423 subscriptum
1018 1349 1099 1408 nobis
1117 1349 1243 1408 remisit.
1275 1349 1379 1408 Verum
1482 1405 1483 1410 ,

205 1458 382 1518 Coloniensis
397 1473 492 1518 cerum
507 1462 537 1517 ct
551 1470 707 1534 papyrum,
730 1451 781 1512 sed
795 1469 854 1512 non
868 1453 1022 1527 sigillatum
1037 1457 1223 1526 apposuerat.
1255 1452 1380 1512 Potitum

205 1562 293 1639 igitur
308 1564 466 1636 cousssium,
483 1559 533 1619 sed
547 1566 644 1620 tumen
658 1562 767 1616 mutato
783 1558 901 1616 coneilio
916 1573 980 1615 cum
995 1556 1088 1631 sigillo
1103 1557 1217 1618 comitis
1232 1573 1254 1615 a
1267 1556 1380 1616 Nassau
1482 1575 1483 1654 t

205 1665 357 1725 fideremus
372 1679 470 1726 omnes
485 1670 516 1724 et
529 1665 623 1738 sigillo
639 1668 669 1722 et
682 1678 814 1722 munuum
836 1662 1044 1735 subscriptione
1065 1661 1145 1802 (iicet
1163 1662 1264 1722 auimo
1278 1655 1379 1731 invite)

205 1771 343 1844 scriptum
356 1768 412 1828 hoc
426 1765 663 1826 confirmavimus
1482 1817 1483 1846 1

294 1872 404 1933 Doctor
418 1871 539 1930 Carolus
558 1872 657 1943 Horat,
680 1872 843 1932 Joachimus
857 1869 945 1945 Hugh
965 1874 996 1929 et
1014 1869 1051 1928 N
1072 1868 1182 1929 Doctor
1201 1885 1239 1929 ac
1259 1865 1379 1928 Wilbel·
1481 1855 1483 1927 ξ

206 1993 269 2037 mus
283 1977 416 2037 KetteIer
435 1977 597 2050 canonicus,
621 1974 706 2052 (qui'
694 1993 754 2050 Jam
769 1979 800 2036 in
814 1973 978 2050 pontificem
992 1975 1250 2034 monasteriensem
1272 1973 1379 2032 elecem
1482 1967 1483 1985 ¹

206 2080 277 2157 eat),
303 2078 314 2116 ¹
330 2079 429 2140 chuc
443 2079 523 2140 ducis
538 2081 694 2140 consiliarii
708 2077 814 2139 hahes
828 2085 943 2140 nosnos
959 2079 997 2140 ad
1012 2093 1124 2139 coenam
1138 2084 1291 2139 vocarunt
1482 2057 1483 2072 ¹

294 2184 406 2244 Eadem
425 2183 613 2244 wendelinus
639 2189 669 2244 et
689 2185 793 2244 Florus
814 2184 994 2245 archiducem
1017 2183 1248 2244 Maximitiannm
1270 2177 1377 2252 adiere,
1480 2234 1483 2261 ι

199 2291 255 2365 (ιιι
270 2305 321 2350 ces
336 2290 490 2349 clementer
505 2289 624 2348 audivit.
654 2289 843 2365 Respondens
858 2289 901 2348 illi
914 2288 1004 2363 probe
1019 2288 1163 2362 obvenire,
1186 2289 1269 2362 quod
1284 2283 1377 2346 affinis

205 2411 274 2456 auus
289 2394 349 2455 dux
363 2394 460 2456 chria
475 2395 616 2469 cumipse
631 2393 667 2454 de
681 2393 829 2454 comitibus
845 2395 875 2452 in
890 2392 1032 2455 Waldeck
1050 2393 1160 2453 locutus
1174 2393 1221 2452 sit.
1254 2393 1378 2452 Paratus

205 2501 293 2561 etiem
307 2499 411 2573 omnia,
434 2513 499 2571 (ιιι
519 2497 558 2558 ad
577 2513 692 2558 oausam
710 2497 953 2572 commodarunt,
976 2496 1081 2571 facero,
1092 2491 1215 2570 'sibique
1229 2499 1375 2562 constare,
1482 2513 1483 2516 ¹

206 2605 243 2664 de
257 2620 344 2664 causa
362 2609 462 2662 nostra
480 2603 574 2664 udhuc
594 2603 666 2662 nihil
685 2602 723 2662 ad
742 2604 944 2676 imperatorem
962 2602 1085 2662 relatum
1105 2617 1177 2662 cese.
1214 2603 1326 2662 Verum
1346 2612 1377 2656 se

204 2707 338 2771 daturum
354 2724 485 2783 operam,
510 2709 535 2768 si
549 2710 595 2769 vel
609 2711 672 2784 ipso
685 2709 740 2768 hoc
755 2707 802 2768 die
816 2707 886 2782 qnid
901 2705 1013 2786 efficere
1027 2712 1133 2781 posset.

295 2813 450 2877 Wclradus
464 2820 568 2890 rogem
581 2814 703 2874 fratrum
717 2831 854 2874 unacum
868 2821 972 2888 nepote
991 2814 1123 2874 Samuele
1140 2811 1246 2873 iratres
1265 2812 1305 2872 ad
1320 2807 1375 2868 tti-

205 2936 307 2981 venses
322 2922 498 2980 consiliarios
513 2935 566 2994 pro
579 2918 682 2980 umbra
696 2921 900 2980 concomitatus
914 2925 967 2980 est.
996 2920 1083 2995 Apud
1102 2935 1174 2992 quos
1192 2935 1294 2978 mensa
1313 2917 1376 2976 erat

207 3025 325 3098 opipare
350 3025 505 3096 instructo,
538 3023 587 3082 ubi
615 3030 645 3082 et
671 3023 879 3098 disputationes
902 3027 990 3086 vcriae
1012 3027 1186 3099 inciderunt,
1214 3029 1244 3084 et
1266 3018 1375 3098 reperti

206 3132 273 3188 eunt
294 3127 389 3201 multi,
413 3127 462 3200 (ιιι
481 3141 534 3185 nec
554 3126 675 3200 papistis
695 3129 818 3200 palmam
839 3143 892 3188 nee
912 3131 1017 3190 nostris
1036 3131 1184 3190 victoriam
1203 3129 1373 3189 tribuerent.

205 3233 249 3292 Ac
271 3247 354 3291 nemo
372 3232 500 3290 miretur.
539 3228 721 3305 Sapientibus
743 3231 840 3291 mundi
862 3233 1038 3308 abantiquo
1061 3250 1110 3294 res
1129 3234 1232 3312 divina
1254 3229 1374 3294 ridiculo

194 3333 332 3398 'inerunt
375 3335 486 3396 Aderat
511 3337 588 3396 inter
610 3340 730 3397 caeteros
757 3335 832 3396 filius
853 3334 993 3398 Gotbardi
1021 3339 1124 3413 equitis
1146 3341 1240 3400 aurati
1262 3355 1281 3400 a
1302 3336 1372 3397 Ket-

205 3437 279 3504 teler
293 3447 347 3503 etc.

293 3547 449 3610 Ductorem
468 3546 795 3624 Gerulumrcgebam
816 3553 862 3622 nt,
893 3549 919 3608 si
941 3550 1021 3609 iocus
1040 3550 1260 3622 concederetur,
1284 3544 1373 3608 nostri

206 3653 378 3712 mentionem
398 3653 477 3728 apud
494 3655 715 3715 Atrebatcnsem
739 3652 856 3714 iaceret.
895 3653 971 3712 Huic
991 3655 1150 3715 consultum
1165 3655 1324 3728 videbatur,
1348 3649 1371 3710 si

206 3755 348 3829 quispiam
363 3754 600 3818 subordinaretur
616 3753 639 3832 ²,
664 3760 713 3832 (ιιι
735 3760 813 3834 apud
831 3760 977 3834 herpigies
999 3761 1069 3820 istos
1092 3759 1183 3819 multa
1197 3760 1234 3819 de
1248 3771 1370 3836 pauper·

206 3863 267 3918 tate
281 3862 381 3917 nostra
395 3857 505 3919 diceret
519 3876 554 3919 ae
567 3861 697 3922 redditus
712 3869 825 3923 nostros
841 3869 1018 3924 extenuaret.

295 3960 385 4035 Ιιιιι,
407 3961 501 4021 nescio
521 3979 578 4050 quo
594 3965 752 4041 abeuntes,
774 3967 899 4042 hospitio
919 3969 1098 4041 emesenus,
1123 3970 1202 4028 venit
1225 3967 1371 4042 quideme

194 4065 316 4128 'familia
334 4065 467 4126 comitum
486 4065 522 4126 de
540 4057 776 4144 Munderscheid,
802 4071 854 4130 der
874 4073 932 4132 alte
947 4073 1092 4147 Tydericb
1111 4075 1234 4149 nomine,
1250 4075 1301 4148 qui
1322 4071 1369 4142 eit
1489 4131 1490 4140 ι

210 4170 339 4232 (ιοιιιιοι
353 4186 429 4244 snos,
453 4169 530 4244 quod
544 4171 683 4246 Augustae
705 4174 766 4247 sim,
788 4175 914 4249 latuisse,
939 4179 1012 4238 alias
1025 4175 1100 4238 forte
1118 4180 1197 4256 ipsos
1211 4180 1249 4240 ad
1263 4195 1309 4239 me
1322 4176 1369 4240 dc-

782 4303 799 4340 ἡ

265 4383 354 4436 ιῦιι
371 4383 429 4437 bier
447 4387 677 4454 eingehlammerte
695 4387 765 4442 steht
781 4390 809 4440 iu
828 4389 874 4443 der
891 4392 931 4445 hs.
948 4409 990 4445 am
1004 4393 1093 4446 rande.
1131 4391 1369 4448 asubornrretnrt
1399 4350 1404 4358 ,
1489 4361 1491 4404 1
