2966 4900
673 323 741 390 aia

203 523 223 566 v
238 507 317 568 Juiii
331 523 394 568 cum
408 505 530 570 Alberto
544 506 679 569 Dracone
693 506 729 568 de
743 507 840 568 multis
855 509 1034 570 contulimus.
1057 509 1137 570 Idem
1152 527 1187 572 ea
1201 510 1248 572 die
1262 512 1292 570 in

113 612 303 688 sponsalibus
325 613 400 674 Josti
426 619 456 674 ct
477 613 644 689 walpurgis
669 615 855 674 concionatus
879 619 938 688 eet,
966 615 1155 688 posteriorem
1180 621 1293 692 partem

113 717 219 792 psalmi
238 718 321 776 115:
344 718 483 778 Dominus
503 733 613 778 memor
630 715 686 777 fuit
704 721 796 778 nostri
813 723 844 778 et
857 719 1004 780 benedixit
1018 721 1109 780 nobis.
1147 720 1295 782 Benedicit

116 821 213 881 domui
229 822 337 897 Israel,
354 822 498 883 benedicit
512 823 609 883 domui
623 823 722 884 Aaron
737 829 791 884 etc.
808 841 955 885 enarrans.
994 825 1109 886 Summa
1123 831 1176 900 est,
1191 827 1292 902 inquit,

114 929 218 986 horum
233 926 407 1003 verborum,
424 927 501 1002 quod
516 928 586 988 deus
601 928 731 990 omnibus
746 930 896 990 benedicat
911 934 940 989 et
954 932 1050 990 omnia
1064 937 1224 1006 conservet,
1241 950 1292 1007 po-

113 1033 259 1092 tissimum
284 1039 383 1094 autem
403 1034 529 1094 ecciesiae
552 1049 611 1092 suae
631 1035 801 1095 benedicere
821 1042 940 1110 paratus
960 1035 1006 1095 sit.
1044 1037 1115 1096 Item
1136 1043 1243 1111 quauta
1257 1039 1295 1097 sit

115 1137 220 1197 divium
235 1139 400 1198 clementiae
414 1139 538 1214 bouitas,
555 1140 605 1213 qui
618 1153 671 1198 neo
688 1156 778 1212 genus
793 1156 846 1200 nec
859 1156 928 1214 opes
943 1157 996 1200 nee
1010 1142 1153 1202 miseriam
1167 1142 1293 1216 respicit,

115 1243 166 1301 sed
182 1244 299 1304 ordinis
315 1245 509 1318 cujuscunque
522 1243 684 1306 bominibus
701 1245 856 1320 benedicit,
878 1245 987 1305 scilicet
1000 1248 1063 1320 regi
1077 1248 1189 1321 potenti
1203 1252 1232 1306 et
1246 1248 1293 1306 Iro

115 1349 317 1424 pauperrimo.
355 1349 512 1410 Admonuit
533 1353 629 1410 autem
651 1353 684 1410 ut
704 1347 930 1410 benedictionem
954 1349 1069 1423 quidem
1088 1367 1106 1408 1
1129 1351 1242 1411 domiuo
1266 1357 1296 1410 et

116 1459 285 1527 peteremus
301 1459 331 1514 et
342 1459 576 1530 expectaremus,
601 1455 652 1515 sed
671 1456 713 1515 ite
731 1472 769 1515 ne
788 1470 855 1513 mou
874 1455 984 1514 animos
1005 1455 1245 1528 despondeamus,
1271 1457 1293 1513 si

117 1576 175 1619 non
189 1561 222 1618 iu
236 1565 399 1636 momento,
420 1576 485 1634 qum
500 1560 679 1637 petierimus,
702 1561 878 1635 contingant.
916 1559 1070 1620 Dominum
1089 1561 1165 1618 enim
1183 1566 1294 1620 mature

117 1665 187 1722 satie
212 1680 284 1724 suos
306 1663 504 1726 benedictione
526 1666 717 1740 imptetmum.
755 1665 805 1726 Ait
824 1682 937 1740 quoque
956 1665 1096 1740 psalmum
1116 1680 1213 1744 nocem
1232 1681 1295 1725 esse

119 1770 248 1828 ecclesiae
264 1768 394 1830 fidelium
408 1769 528 1845 singulis
543 1787 579 1831 ex
593 1771 748 1832 christiana
763 1772 902 1832 charitate
912 1768 1009 1831 fausta
1021 1771 1213 1845 imprecantis.
1237 1770 1295 1831 Do·

16 1871 18 1884 “
119 1875 177 1932 cuit
199 1881 231 1934 et
253 1875 397 1949 quomodo
418 1877 515 1950 magni
536 1857 591 1936 hoc
609 1877 770 1936 ducendum
791 1877 845 1951 sit,
867 1875 944 1950 qnod
959 1876 1112 1951 jnbeamur
1135 1881 1165 1936 et
1185 1877 1295 1936 dicatur

120 1979 215 2038 nobiae
238 1980 410 2042 Benedicite
424 1981 540 2042 domiuo
555 1987 609 2042 etc.
647 1984 720 2043 Item
738 1998 873 2058 sponsum
891 1987 921 2041 et
935 1997 1069 2056 sponsam
1087 1983 1227 2042 allocutus
1242 1988 1294 2056 est,

118 2098 264 2146 memores
280 2092 377 2147 esseut
394 2088 540 2148 immense
560 2088 696 2149 bonitatis
715 2089 805 2162 patris
825 2090 855 2148 in
871 2104 920 2149 eoe
936 2089 1074 2163 coelestia,
1099 2089 1148 2162 qui
1161 2089 1252 2162 magis
1267 2093 1296 2147 et

120 2189 238 2252 uberius
254 2207 321 2265 eos,
338 2193 363 2251 si
378 2192 408 2252 iu
422 2193 526 2254 timore
541 2199 571 2253 et
584 2192 642 2254 fide
658 2193 764 2254 domini
777 2194 976 2269 persteterint,
991 2193 1194 2254 benedicturus
1209 2200 1294 2268 esset,

121 2309 174 2354 nec
187 2311 251 2356 non
272 2301 303 2356 et
320 2297 439 2372 liberos,
464 2313 536 2372 quos
555 2299 734 2371 procreaturi
753 2303 864 2371 essent,
887 2303 974 2371 etque
994 2313 1030 2357 ne
1050 2298 1146 2358 statim
1167 2315 1296 2358 maerore

121 2398 344 2477 conficerentur,
359 2403 385 2462 si
398 2419 457 2464 non
471 2404 646 2470 omniamox
657 2404 748 2478 copiae
759 2417 849 2463 cornu
860 2401 917 2460 illis
928 2401 968 2462 ed
979 2417 1094 2462 menum
1104 2402 1208 2462 adsint.
1231 2403 1296 2462 Vnd

122 2519 165 2563 wo
179 2507 242 2566 Irsz
259 2507 338 2566 nicht
352 2504 497 2568 sobefflich
516 2505 632 2569 habena
648 2508 732 2583 kent,
756 2523 788 2566 so
802 2511 915 2582 nempts
933 2504 1040 2567 lcfflich
1053 2523 1105 2580 au,
1130 2505 1199 2568 Gott
1217 2509 1296 2567 wirte

123 2609 186 2668 weil
208 2610 360 2672 maehenn.
399 2611 462 2672 Nec
480 2613 534 2673 hoc
555 2611 725 2674 beneficium
746 2613 828 2687 parvi
849 2611 1047 2672 estimandum
1069 2617 1129 2686 est,
1153 2612 1297 2672 dominum

124 2712 208 2774 deum
223 2716 331 2776 coelum
345 2717 399 2778 sibi
413 2718 444 2777 iu
458 2717 593 2779 thronum
603 2716 820 2794 magnificentiae
833 2733 955 2792 creasse,
970 2733 1070 2777 verum
1084 2715 1219 2776 mundum
1234 2733 1297 2776 oum

124 2823 258 2893 ommibus
272 2825 378 2883 creatis
392 2823 448 2900 piis
462 2841 521 2884 non
534 2823 677 2898 invidere;
694 2825 773 2900 quin,
789 2821 865 2898 quod
876 2824 968 2897 maius
981 2826 1034 2898 eet,
1048 2823 1079 2882 in
1090 2838 1159 2882 usus
1171 2823 1297 2898 ipsorum

124 2927 186 2988 haec
200 2927 339 2990 condidit
362 2929 480 2988 Etcum
494 2930 556 2990 haec
567 2946 599 2990 se
610 2932 651 2990 ita
663 2929 798 3004 habeant,
814 2929 968 3003 cogitemus
980 2929 1107 2990 viventes
1123 2931 1152 2988 et
1165 2930 1229 2988 seni
1242 2928 1297 2988 deo

124 3032 155 3091 in
168 3041 343 3112 perpetuum
356 3034 503 3096 Helleluia
516 3036 681 3098 decantare.

213 3140 243 3200 A
258 3141 394 3201 concione
405 3139 524 3200 Carolus
539 3157 632 3201 eomes
647 3139 812 3202 aGieichen
826 3155 889 3200 cum
904 3155 994 3200 uxore
1009 3155 1061 3200 eun
1075 3145 1105 3200 et
1118 3139 1297 3215 Sigismundo

125 3239 218 3306 fratre
232 3246 376 3306 abierunt
404 3246 432 3305 A
445 3247 567 3322 prandio
582 3247 750 3323 conjugibus
764 3245 919 3306 honoraria
933 3260 987 3321 pro
1001 3261 1081 3331 more
1096 3245 1164 3306 deta
1178 3251 1253 3306 sunt

215 3351 276 3412 Sub
300 3356 433 3426 quartam
458 3350 573 3412 domina
596 3351 632 3412 de
653 3351 886 3426 Schwartzburg,
909 3351 1031 3411 ioannis
1051 3351 1169 3409 Henrioi
1188 3351 1297 3409 comitis

126 3469 213 3532 uxor,
231 3456 418 3531 pedissequas
433 3471 529 3516 secum
544 3463 574 3516 et
588 3455 824 3530 christophorum
838 3455 874 3516 ab
889 3454 1073 3528 Eumenberg
1087 3470 1141 3513 uec
1154 3470 1213 3513 non
1227 3455 1296 3514 Joa-

127 3558 251 3620 cbimum
266 3561 341 3622 Sacis
355 3577 502 3622 assumens
522 3563 648 3636 domum,
668 3561 775 3620 relictis
790 3559 970 3620 Rudeietadii
985 3557 1096 3619 duabus
1110 3556 1236 3633 filiabus,
1260 3559 1298 3618 ad

129 3670 263 3729 maritum
276 3668 372 3729 rediit.

43 3767 46 3773 '
218 3773 278 3834 Sub
292 3789 376 3834 coena
390 3772 532 3834 Henricne
547 3754 836 3834 baranildeniels
849 3771 937 3831 venit.

217 3871 301 3938 Nota'
315 3879 352 3938 de
371 3875 534 3940 moinoroso
551 3881 583 3940 iu
601 3873 739 3938 Masfcldt
762 3876 947 3937 incarcerato.
990 3876 1030 3938 Et
1049 3877 1258 3960 animadverte,
1280 3893 1298 3934 o

130 3978 227 4057 homo,
248 3983 317 4058 quid
331 3981 419 4044 facim
433 3999 500 4046 earo
517 3982 572 4044 sibi
585 3982 722 4044 derelicta
735 3986 769 4042 ut
782 3982 812 4041 in
828 3984 959 4060 pessimis
974 3985 1061 4045 etiam
1076 3983 1231 4043 crudelitas
1243 3982 1275 4040 in
1287 3977 1296 4014 ¹

131 4083 222 4146 iocum
236 4088 332 4148 hebet.
623 4109 626 4114 ·

217 4192 247 4265 vj
262 4167 483 4254 Julii'altartus
497 4193 593 4255 Draco
611 4194 642 4252 iu
656 4193 761 4254 sacello
781 4194 856 4254 arcis
874 4189 1022 4255 octoadem
1037 4189 1298 4292 decimemsextam

708 4331 725 4367 s

206 4417 218 4464 i
238 4409 305 4466 Hier
322 4413 368 4468 hat
386 4413 429 4467 die
445 4413 487 4470 be.
506 4414 564 4468 eine
582 4414 671 4469 kleine
688 4415 775 4470 ldcke.
799 4399 801 4404 ¹
