3028 4894
783 293 829 365 80

223 475 298 534 enim
312 475 482 536 salvatorem
496 482 626 538 nostrum
641 477 723 551 sequi
737 475 887 552 debemus,
908 479 980 551 Nos,
1002 477 1127 553 inquam,
1146 479 1199 552 qui
1215 475 1382 538 christoni-

222 578 372 655 baeremus,
388 598 445 641 non
459 581 594 656 mundns,
612 583 661 655 qui
675 581 777 656 babet,
794 599 850 655 quo
864 584 1036 658 recipiatur,
1057 585 1107 659 qui
1128 599 1168 644 ne
1184 588 1268 658 optat
1282 581 1385 654 quidem

223 683 308 743 etiam
327 700 390 745 esse
409 701 473 745 oum
496 685 622 761 Christo,
646 689 716 760 quin
736 693 766 748 et
778 689 804 746 si
818 686 899 748 Deus
918 687 1012 749 adhuc
1030 690 1061 749 in
1081 690 1172 750 terris
1193 692 1308 762 ageret,
1330 701 1385 744 eum

222 789 328 861 majore
344 805 428 864 quam
443 792 534 850 crucis
549 791 688 866 supplicio
703 789 841 866 afficeret,
857 797 916 852 lam
931 794 1029 869 iniquo
1045 795 1139 854 ammo
1156 795 1190 852 iu
1205 791 1349 852 Christum
1361 795 1387 848 et

222 909 301 953 suam
316 896 464 954 veritatem
481 901 555 970 sunt,
572 897 622 969 qui
636 897 811 958 mansionem
827 903 858 958 et
873 900 1117 960 conversationem
1133 915 1221 958 suam
1237 913 1302 957 cum
1315 895 1386 968 prin·
1475 909 1480 937 ι’

222 999 284 1070 cipe
299 999 383 1071 hujus
398 1000 498 1058 mnndi
514 1000 640 1062 Sathena
653 999 769 1063 habent.
804 1002 875 1063 Item
892 1005 1071 1080 explanavit,
1095 1003 1165 1078 qnid
1182 1004 1241 1064 sibi
1256 1002 1318 1062 baec
1331 1017 1387 1060 sen·

222 1104 326 1162 tentia:
343 1103 635 1166 «Ascenditdominus
647 1107 775 1167 inultum
785 1111 963 1184 etcaptivam
974 1108 1056 1171 duxit
1068 1111 1302 1184 captivitatem»
1319 1106 1388 1166 velit.
1476 1117 1480 1196 l

222 1207 362 1267 Nimirum
377 1211 569 1283 captivitatem
584 1211 681 1289 fuisse,
698 1230 755 1288 qua
770 1232 788 1275 a
802 1215 932 1290 principe
946 1215 1032 1292 hujus
1048 1217 1146 1278 mundi
1162 1222 1195 1278 et
1209 1212 1390 1276 tenebrarum

221 1328 254 1371 ac
269 1319 360 1372 morte
375 1329 410 1373 ac
423 1313 536 1375 inferno
550 1299 684 1377 miserum
699 1335 788 1392 genus
803 1320 957 1382 humanum
972 1320 1121 1382 obAdumi
1135 1319 1316 1408 protoplasti
1331 1317 1387 1390 lab
1475 1310 1478 1319 ’

221 1435 283 1477 sum
297 1419 464 1492 tenebatnr;
480 1421 555 1482 hanc
570 1421 700 1484 Christus
720 1440 815 1484 secum
831 1424 926 1500 duxit,
946 1426 983 1487 ab
998 1426 1053 1486 hac
1068 1442 1121 1487 nos
1136 1425 1288 1486 liberavit.
1325 1423 1391 1481 ltem
1478 1477 1479 1502 Ξ

220 1525 295 1586 dona
310 1526 390 1586 dedit
403 1527 572 1602 bominibus,
593 1527 663 1601 quid
678 1532 730 1587 etc.
753 1535 786 1589 ut
800 1529 830 1590 id
844 1532 992 1605 aptissime
1006 1547 1043 1590 ex
1062 1532 1090 1591 d.
1107 1530 1201 1590 Panlo
1226 1528 1350 1599 edocuit,
1365 1529 1391 1582 et
1478 1577 1479 1608 ι

221 1647 306 1704 quem
321 1633 383 1691 burc
397 1632 473 1692 dona
488 1631 593 1692 Christi
607 1634 782 1694 munusculis
796 1635 883 1709 regiis
898 1639 952 1695 etc.
975 1640 1156 1708 prestarent.
1196 1633 1309 1694 Docuit
1324 1643 1389 1704 quo

221 1751 285 1807 que,
310 1737 359 1808 qui
378 1738 574 1796 ascensionem
595 1739 710 1798 Domini
729 1741 807 1813 juste
827 1755 1046 1814 veneraremur,
1069 1740 1217 1800 uimirium
1239 1744 1274 1798 ut
1288 1737 1334 1796 hic
1347 1732 1389 1806 pic
1478 1771 1479 1797 r

221 1840 307 1898 vitam
326 1839 521 1916 instituamus,
547 1841 661 1904 Christo
681 1849 710 1905 et
734 1845 821 1906 verbo
844 1845 905 1918 eJus
925 1842 1093 1904 obediamus
1108 1861 1141 1905 ac
1157 1851 1296 1918 optemus
1312 1837 1388 1900 Chri-

221 1950 304 2016 stum,
322 1947 371 2018 qui
386 1961 438 2004 nos
453 1949 608 2022 precessit,
629 1950 732 2009 sedens
747 1951 777 2010 in
790 1950 883 2025 gloria
896 1948 952 2010 Dei
966 1952 1068 2025 patris,
1088 1950 1238 2023 subsequi.
1276 1941 1389 2006 Puerile

221 2052 294 2109 enim
310 2051 510 2126 spectaculum,
522 2051 604 2126 ‘quod
617 2056 738 2128 papistee
752 2056 861 2116 idolum
876 2054 992 2128 ahquod
1005 2054 1135 2115 inaltum
1144 2056 1278 2128 trahunt,
1294 2049 1387 2109 voleu-

220 2159 263 2212 tes
277 2154 332 2214 hoc
346 2153 506 2229 significare
521 2159 714 2218 ascensionem
730 2159 835 2220 Christi
850 2165 904 2220 etc.
949 2160 1121 2234 Huiusmodi
1135 2158 1269 2233 ludicris,
1290 2154 1386 2228 inquit,

220 2257 323 2319 intenti
342 2266 408 2321 sunt
432 2269 461 2322 et
480 2277 569 2336 opere
588 2261 694 2323 Christi
713 2266 805 2325 instar
828 2266 917 2346 simiae
937 2264 1044 2324 imitari
1059 2265 1167 2324 volunt.
1207 2261 1331 2338 Quando
1345 2255 1387 2315 vel

220 2363 344 2440 undem,
359 2367 409 2439 ait,
426 2367 461 2428 de
475 2367 572 2428 reditu
587 2368 648 2442 cius
670 2374 699 2428 et
713 2384 765 2430 uos
790 2385 885 2430 secum
900 2375 1063 2428 assumente
1077 2366 1166 2429 festos
1180 2369 1245 2430 dies
1261 2365 1384 2426 celebre·
1476 2425 1477 2434 ,

1468 2044 1479 2399 l

219 2472 278 2532 turi
292 2487 396 2532 sumus.
425 2471 568 2548 Proiecto,
589 2475 639 2548 ait,
660 2474 755 2536 rideat
769 2475 900 2547 mundos,
922 2475 1042 2550 papiscae
1057 2475 1124 2534 licet
1138 2474 1328 2549 obganniunt,
1344 2474 1384 2526 te·

219 2593 285 2636 men
299 2576 330 2638 in
343 2579 504 2654 propinquo
524 2583 568 2640 est
582 2579 722 2640 adventus
739 2580 855 2641 domiui.
898 2579 953 2640 Hic
968 2579 1088 2642 adduxit
1102 2585 1236 2654 tempora
1250 2579 1344 2638 Nohae
1359 2576 1385 2630 et

219 2682 295 2742 Loth
310 2689 364 2744 etc.
394 2682 578 2759 Refrigerata
599 2692 643 2746 est
661 2687 736 2747 enim
757 2685 883 2745 charitas
899 2685 1052 2747 multorum
1068 2692 1099 2746 et
1112 2684 1245 2747 abundat
1268 2679 1384 2749 malitia,
1476 2673 1477 2678 ’

220 2790 295 2848 utin
309 2790 460 2862 propatulo
475 2796 529 2850 est.
552 2792 791 2874 Rogemusergo,
806 2791 907 2864 inquit,
929 2789 1075 2850 domiuum
1089 2797 1119 2850 et
1132 2791 1321 2854 liberatorem
1335 2799 1383 2844 no

219 2900 310 2952 strum
324 2893 424 2952 desum
440 2891 594 2970 Christum,
619 2895 765 2956 sedentem
785 2895 823 2956 ad
842 2895 972 2956 matram
986 2894 1042 2955 Dei
1064 2896 1171 2970 patris,
1196 2901 1230 2956 ut
1244 2899 1338 2982 ipsam
1351 2902 1383 2948 0⁰

220 2999 301 3070 sequi
315 2998 468 3058 valeamus.
491 2998 550 3059 Sed
565 3001 628 3074 qais
642 3006 812 3075 assequetur
827 3001 957 3075 spiritum
973 3001 1002 3072 d.
1018 2999 1163 3060 Musunii?

253 3123 257 3130 -
306 3101 416 3163 Eadem
439 3102 538 3164 literas
551 3103 679 3166 domiue
702 3107 801 3166 mauis
820 3105 885 3167 duci
909 3106 1033 3166 Ernesto
1048 3123 1067 3166 a
1080 3105 1268 3181 Bruuscbwip
1283 3099 1382 3166 obtuli·

220 3223 292 3282 mus,
307 3223 325 3266 a
341 3223 397 3281 quc
411 3208 573 3270 humaniter
588 3211 698 3286 accepti
713 3215 820 3270 etcum
844 3227 879 3272 eo
894 3212 975 3286 apud
986 3212 1142 3288 principem
1165 3211 1320 3272 electorem
1334 3205 1381 3264 Jtr

220 3327 323 3372 aunem
343 3313 521 3374 Fridericaru
544 3316 643 3391 pransi
663 3307 772 3388 snmus,
797 3315 846 3376 ubi
870 3322 900 3377 et
921 3317 1044 3379 aderant
1065 3317 1139 3392 regii
1157 3331 1302 3392 proceres,
1325 3309 1382 3370 Der

220 3417 391 3480 Danbenser
406 3425 436 3481 et
449 3419 507 3480 alli.
533 3418 621 3500 Apud
636 3419 819 3483 Wilbelmum
833 3422 962 3483 comitem
978 3423 1088 3490 coenati
1097 3438 1202 3481 sumus.

306 3526 432 3588 Rumore
448 3525 623 3602 divmgatum
638 3531 692 3599 est,
715 3523 874 3600 pontificios
890 3525 1117 3600 apudcesarem
1132 3525 1336 3592 intercessisse,
1350 3519 1381 3574 ut

218 3631 370 3702 ¹(conciones
386 3647 475 3692 sacrce
490 3633 755 3694 intermitterentur.
779 3632 814 3692 In
829 3631 921 3706 sigillo
936 3630 1066 3692 Platonis
1081 3632 1218 3706 scriptum
1233 3634 1308 3689 erat:
1325 3623 1379 3684 Fe·
1479 3649 1480 3654 1

219 3733 300 3792 cilius
315 3738 359 3792 est
372 3749 487 3794 movere
503 3739 638 3812 quietum,
658 3754 744 3812 quam
758 3738 888 3810 quicum
902 3740 1022 3809 motum;
1047 3737 1078 3796 in
1093 3736 1187 3828 sigillo
1202 3729 1378 3794 Aristotelis:

221 3835 383 3908 Sapientior
397 3843 450 3912 est,
466 3840 516 3911 qui
531 3841 609 3913 qaod
623 3844 702 3903 novit
722 3841 884 3916 abscondit,
901 3856 988 3915 quam
1002 3841 1052 3914 qui
1066 3841 1209 3916 propalet,
1226 3837 1303 3913 quod
1316 3847 1378 3894 nes-

219 3939 267 4000 cit.
291 3939 326 4000 Iu
340 3941 434 4016 sigillo
456 3940 595 4002 Socratis:
624 3944 758 4005 Inimicus
777 3946 900 4006 hominis
919 3946 1084 4022 insipientia
1102 3946 1178 4019 cJus3
1204 3945 1311 4006 amicus
1330 3941 1377 4000 bo·

218 4046 303 4108 mma
315 4047 459 4122 sapientia
474 4047 548 4120 ejus;
570 4048 708 4122 insipido
724 4049 858 4110 Senecae:
884 4051 1031 4112 secretum
1045 4066 1138 4111 meum
1153 4049 1231 4110 mihi.

307 4153 342 4212 ln
358 4153 404 4214 die
419 4151 593 4214 asmusionis
605 4151 721 4227 domini,
743 4156 792 4226 qni
810 4160 873 4218 erat
891 4159 929 4216 10
946 4157 1007 4218 dies
1021 4155 1093 4230 Maii
1109 4155 1290 4215 subnectam
1304 4151 1379 4212 llar-

219 4257 296 4316 tinus
311 4273 419 4331 coquus
442 4257 568 4334 episcopi
581 4258 832 4330 Monesteriensis,
857 4260 907 4332 qui
928 4262 1087 4320 consilariis
1108 4262 1246 4335 Augustae
1268 4257 1377 4319 addans

220 4366 294 4435 erat,
309 4361 346 4424 ab
361 4363 542 4428 adolescente
557 4364 690 4440 quopiam
704 4362 826 4425 Didonis
841 4380 859 4424 a
872 4363 1077 4444 Kniepbnusen
1095 4366 1203 4428 famulo
1216 4361 1377 4426 moerim
