2966 4900
779 293 849 362 256·
951 288 955 295 ’

226 473 368 550 splendidi
381 475 541 538 Romulidae
555 478 683 550 quamvis
698 477 865 536 charissimo
873 476 968 552 pretio
983 478 1097 539 sibilina
1110 480 1258 540 volumina
1271 480 1386 538 oestima-

226 583 298 642 tioni
312 581 430 643 duero.
470 581 528 641 Sed
543 581 579 641 de
593 583 637 641 his
653 581 732 642 satis.
770 580 971 642 Valetudinem
987 584 1015 643 d.
1031 591 1053 644 t.
1070 601 1155 658 quam
1169 601 1189 644 a
1206 585 1262 644 deo
1276 600 1387 658 prospe-

225 704 286 746 ram
302 702 397 761 spero,
413 686 486 746 scire
501 703 586 760 aveo,
607 691 636 745 et
650 701 746 746 rerum
768 691 882 746 tuarum
896 685 1041 748 fortunam
1055 690 1205 749 ecclesiam
1222 688 1329 748 domini
1342 688 1389 746 tibi

226 807 324 850 curam
346 807 408 851 asse
424 793 497 866 scio,
523 798 553 850 et
567 791 713 851 dominum
727 793 770 850 tui
784 791 931 852 custodem
952 791 1029 867 lore,
1049 798 1150 853 nostra
1168 793 1268 854 adhuc
1282 792 1389 852 Christo

225 898 332 971 gratia
355 898 538 957 mediocriter
560 896 679 956 ecclesia
698 897 790 971 viget,
816 901 963 957 attamen
984 898 1091 959 domiui
1111 900 1205 960 nostri
1220 897 1389 959 consuetudo

225 1007 277 1076 est,
294 1017 351 1060 uon
365 1001 439 1061 adeo
453 1017 605 1060 numerosa
619 1002 689 1061 viris
705 1002 962 1064 concionatoribus.

314 1106 397 1179 Quod
412 1111 507 1167 autem
521 1107 606 1167 modo
621 1106 649 1166 d.
665 1113 686 1167 t
704 1109 905 1182 occupationes
918 1109 1097 1182 interrumpo
1111 1124 1217 1168 caussa
1233 1113 1279 1167 est
1294 1120 1389 1182 oppor-

224 1211 332 1270 tunitas
353 1228 419 1270 uam
443 1211 489 1270 hio
511 1212 693 1272 amanuensis
711 1217 811 1272 noster
832 1214 881 1284 qui
901 1219 968 1286 post
987 1213 1095 1272 obitum
1114 1214 1246 1289 priorum
1262 1216 1292 1272 et
1313 1211 1388 1270 nobis

224 1313 351 1376 iidelium
369 1315 527 1376 Hermanui
547 1317 634 1377 Nellii
654 1323 683 1377 et
698 1315 796 1376 Galcbi
810 1317 974 1392 Tryopheri
996 1317 1077 1378 nobis
1097 1318 1222 1392 injusta
1236 1317 1334 1376 munia
1348 1331 1388 1373 se·

225 1421 340 1479 crearit
355 1437 447 1494 nuper
461 1421 577 1482 obvenit
595 1421 719 1497 patriam
733 1424 777 1481 ira
792 1423 904 1484 veniam
919 1423 1048 1498 petierit,
1073 1427 1103 1482 et
1117 1438 1174 1483 uon
1189 1423 1289 1482 multis
1303 1421 1387 1479 milia·

223 1527 304 1586 ribus
327 1543 345 1586 a
365 1532 460 1586 restra
480 1528 604 1602 ditione,
628 1526 782 1602 dihabitet‚
807 1528 850 1586 illi
868 1527 1041 1603 injunximus
1056 1533 1089 1589 ut
1102 1530 1262 1604 promissas
1281 1525 1390 1585 charas

225 1630 253 1688 d.
269 1635 291 1689 t.
307 1628 435 1692 autemst
448 1633 495 1690 oui
508 1631 595 1692 fidem
609 1632 732 1708 habeas,
754 1639 784 1692 et
799 1633 860 1706 ejus
875 1638 905 1693 et
918 1650 990 1694 meae
1006 1634 1159 1694 stoliditati
1173 1635 1310 1708 ignoscas
1324 1645 1389 1703 rogo

225 1737 343 1809 erratis,
369 1751 490 1808 quorum
503 1739 618 1812 cophini
633 1753 691 1797 non
704 1739 756 1798 uni
777 1734 878 1798 referti
897 1742 964 1798 snut
986 1754 1040 1813 pro
1058 1742 1111 1798 tna
1130 1743 1258 1812 paterna
1272 1735 1390 1797 amicitia

223 1842 346 1914 ignosce.
374 1842 475 1902 Salvus
498 1843 573 1902 domi
594 1843 720 1902 ccclesiae
736 1848 774 1924 et,
785 1840 856 1902 ioris
877 1844 1063 1917 perpetium
1079 1843 1194 1903 domiuo
1209 1845 1251 1902 sis
1266 1858 1300 1901 ac
1313 1840 1387 1900 vale!

225 1944 337 2004 Salutat
354 1949 385 2004 te
399 1950 480 2005 costa
499 1953 601 2006 nostra
620 1947 788 2008 charissima
802 1945 957 2008 Anastasia
980 1949 1083 2007 iterum
1096 1946 1301 2020 Eubulumque
1315 1952 1388 2005 tuum

223 2065 287 2108 esse
304 2051 384 2123 scito,
401 2054 563 2111 nostrorum
578 2053 705 2111 omnium
719 2055 751 2111 in
766 2052 988 2126 praecationibus
1002 2053 1059 2112 tuis
1074 2053 1114 2112 sis
1127 2068 1249 2113 memor.
1288 2051 1387 2110 Datum

224 2158 254 2212 et
279 2151 436 2213 exhibitum
462 2154 625 2231 Isenbergoe
654 2159 693 2216 13
715 2156 839 2232 Augusti
866 2172 942 2218 anuo
968 2157 1068 2218 solutis
1096 2161 1206 2217 nostrae
1233 2155 1385 2225 millesima,
1444 2149 1445 2152 ’

223 2257 449 2334 nungentesimo
464 2261 640 2335 sexagesimo
655 2265 766 2336 quarto.

1063 2350 1101 2410 D.
1117 2351 1151 2410 T.
1169 2351 1284 2412 deditus

986 2456 1120 2517 Wolradt
1133 2473 1161 2530 g.
1176 2473 1202 2515 z.
1219 2452 1357 2516 Waldcok

1045 2577 1131 2621 mauu
1145 2561 1275 2635 propria.

266 2663 342 2724 Vere
356 2664 404 2737 pio
420 2668 450 2724 et
465 2663 628 2725 doctissimo
643 2664 886 2736 celeberrimoque
907 2661 943 2723 de

222 2769 341 2828 ecclesia
356 2767 462 2830 Christi
477 2771 583 2844 optime
597 2769 699 2828 merito
714 2766 942 2828 domiuoloauni

221 2871 340 2934 Breutio
360 2873 591 2950 wirtembergici
612 2874 732 2934 ducatus
758 2872 941 2932 eeclesiarum

222 2977 343 3036 antistiti
358 2993 481 3052 summo,
503 2978 623 3038 colendo
639 2978 716 3053 patri
731 2981 761 3038 et
774 2977 865 3038 amico
880 2993 942 3037 suo.
