3028 4894
743 312 782 376 21

174 498 202 552 ιι
216 491 406 570 landtgravii,
423 500 452 554 et
466 510 503 554 an
519 475 680 557 consultum
698 494 787 571 foret,
812 496 897 571 hujus
913 497 957 556 rei
975 498 1149 559 mentionem
1164 502 1241 577 apud
1256 508 1348 564 oonsi-

174 598 270 660 liarios
285 596 396 674 facere,
418 601 485 675 egit.
524 601 606 661 Dixit
619 601 827 676 Marquardus,
849 602 975 662 nondum
990 619 1053 664 esse
1068 605 1153 678 hujus
1168 609 1212 666 rei
1226 613 1347 685 tempus,

174 710 286 764 nostros
301 720 416 778 qnoque
431 706 613 766 archiducem
632 708 687 768 hoc
707 708 753 767 die
772 707 924 767 convenire
944 724 1001 767 non
1017 727 1115 784 posse,
1140 727 1174 770 eo
1190 714 1268 784 quod
1285 714 1349 774 heri

174 811 320 883 sanguinis
334 811 551 872 diminutionem
565 809 679 886 fecerit,
698 812 814 886 detegit.
1272 812 1277 821 '

262 915 376 976 Nothus
391 935 410 976 ι
424 919 559 993 Zertzen,
583 920 633 993 qui
650 921 753 978 missus
774 919 870 979 iuerat
888 921 926 980 ad
942 922 1087 982 Staculum
1103 922 1139 981 de
1154 921 1270 998 Sleheu,
1294 924 1348 984 hoc

175 1023 304 1095 responsi
318 1024 432 1098 retuht,
457 1025 608 1084 eleitorem
622 1026 726 1098 legisse
741 1025 852 1084 litteras
868 1031 897 1084 et
909 1032 1041 1100 paratum
1057 1027 1215 1087 adomnia.
1241 1029 1348 1088 Verum
1368 1021 1370 1028 ’

174 1129 364 1188 necessarium
378 1127 455 1204 lore,
472 1137 504 1190 ut
519 1131 562 1189 vel
578 1146 630 1202 per
646 1146 698 1190 nos
710 1131 757 1188 vel
772 1131 843 1190 elios
857 1131 1014 1192 marchioni
1026 1138 1117 1193 status
1132 1149 1226 1193 causae
1241 1141 1347 1194 nostroe

172 1231 379 1293 declararetur.

260 1339 389 1398 ‚Ioannes
403 1337 495 1398 irater
510 1344 608 1398 noster
623 1339 700 1414 apud
717 1339 859 1399 dominam
875 1340 1100 1415 Landtgraviam
1114 1360 1237 1416 pransus
1253 1352 1305 1406 est.

260 1443 371 1504 Eadem
385 1443 491 1519 hospes
505 1449 603 1503 noster
618 1444 701 1504 Hans
720 1463 797 1505 uonn
813 1444 901 1504 Gesse
917 1446 1009 1520 primo
1024 1463 1042 1504 a
1056 1447 1178 1508 Pateria
1193 1450 1232 1509 ad
1246 1449 1345 1510 Danu-

174 1549 251 1608 bium
266 1550 321 1608 huc
335 1565 468 1608 reversus
484 1555 537 1625 est,
555 1551 604 1622 qui
620 1551 745 1610 nondum
757 1553 788 1610 in
799 1551 852 1611 hac
865 1551 949 1610 domo
961 1558 1148 1612 commoratus
1164 1559 1236 1629 erat,
1252 1557 1346 1628 pridie

174 1654 249 1714 enim
264 1655 325 1728 ejus
342 1655 399 1714 diei
414 1671 477 1714 cum
492 1655 652 1730 Augustam
671 1658 859 1732 venissemus,
884 1673 957 1716 uxor
973 1664 1002 1715 et
1016 1658 1099 1717 liberi
1119 1658 1208 1732 ipsius
1227 1662 1258 1719 in
1272 1661 1345 1720 hanc

173 1758 289 1818 domum
303 1760 415 1818 noviter
430 1766 552 1836 emptam
567 1761 817 1834 transmigrarunt.

260 1867 389 1926 Fuerant
404 1867 505 1926 eudem
521 1872 550 1926 et
563 1869 654 1926 nostri
670 1868 748 1942 apud
763 1867 880 1941 Meyer,
899 1867 950 1926 sed
963 1867 1034 1927 nihil
1049 1871 1111 1944 spei
1126 1870 1224 1930 datum
1240 1878 1292 1931 est.

260 1971 390 2030 Eubulus
406 1973 519 2045 quidem
534 1972 680 2047 cupiebat,
704 1978 737 2031 ut
752 1978 781 2031 et
794 1973 850 2046 ipsi
865 1971 902 2031 ab
917 1974 980 2033 aliis
995 1977 1156 2034 consultum
1171 1981 1247 2050 erat,
1273 1979 1341 2052 Vig-

170 2077 239 2135 lium
254 2077 375 2152 alloqui,
392 2083 423 2137 at
437 2094 472 2138 ea
488 2079 535 2140 die
550 2079 630 2138 nulla
645 2077 728 2138 nobis
743 2076 828 2151 hujus
843 2080 886 2138 rei
900 2077 1021 2138 facultas
1037 2081 1168 2141 dabatur.

261 2181 361 2243 Comes
377 2201 395 2242 a
409 2185 523 2244 Nasson
537 2185 674 2256 scriptum
690 2185 885 2257 compromissi
899 2186 976 2245 inter
988 2185 1172 2247 colonienses
1188 2194 1217 2247 et
1231 2204 1283 2247 nos
1297 2205 1342 2248 re·

171 2289 262 2362 misit,
279 2289 356 2361 quod
371 2290 483 2362 quoties
498 2290 648 2363 relegitur,
668 2289 753 2348 toties
768 2289 858 2363 magis
874 2290 1033 2350 acerbatur.

261 2394 365 2454 Florus
381 2400 410 2454 et
421 2395 608 2456 Wandelinus
623 2393 843 2452 Atrebatensem
858 2393 999 2466 alloqunti
1014 2399 1089 2470 sunt,
1106 2397 1154 2469 qui
1170 2397 1260 2470 primo
1276 2413 1342 2458 cau-

170 2513 232 2556 sam
247 2516 266 2558 ι
279 2515 311 2559 ιι
324 2502 455 2575 removit,
471 2507 599 2560 attamen
611 2499 678 2558 dein
688 2499 774 2571 jussit
785 2500 902 2558 comites
916 2501 1040 2558 crastino
1053 2501 1091 2560 ad
1102 2501 1204 2562 horam
1215 2505 1344 2560 octavam

99 2623 103 2632 ’
170 2610 238 2664 ante
252 2605 401 2664 meridiem
416 2606 524 2666 adesse.
564 2606 640 2665 Nam
654 2611 715 2664 tum
729 2605 806 2676 illos,
824 2605 932 2676 inquit,
951 2603 1075 2678 audiam,
1091 2605 1114 2663 si
1130 2604 1257 2662 veniunt.
1296 2605 1343 2664 Sic

171 2710 247 2769 enim
260 2726 316 2784 per
331 2715 524 2785 contemptum
542 2708 616 2770 forte
629 2711 766 2784 loquitur.

262 2814 456 2891 Omnipotens,
472 2817 595 2891 sapiens,
607 2815 765 2889 iustissime
781 2819 810 2873 et
824 2814 986 2874 misericors
997 2813 1085 2887 Deus,
1102 2812 1196 2873 David
1211 2830 1263 2874 rex
1276 2822 1343 2876 tuus

172 2925 202 2979 et
217 2921 360 2995 propheta
376 2937 460 2994 quem
474 2926 540 2996 post
558 2919 699 2980 luctantes
720 2922 831 2995 elegisti
849 2922 941 2980 virum
957 2921 1110 2980 secundum
1125 2927 1282 2997 cortuum,
1307 2921 1342 2983 dc

172 3025 278 3085 domini
290 3027 382 3086 nostri
390 3027 461 3086 Jesu
469 3025 585 3100 Christi,
600 3025 653 3085 filii
664 3027 707 3084 tui
721 3025 871 3101 benedicti,
888 3027 1021 3100 passione
1036 3043 1159 3086 necnon
1174 3032 1204 3087 et
1218 3029 1343 3102 gloriosa

173 3131 383 3190 resurrectione
398 3131 601 3206 prophetizans
615 3133 692 3190 inter
706 3138 825 3191 caeteras
840 3134 984 3190 immensae
1000 3133 1156 3204 majestatis
1171 3140 1229 3193 tuae
1243 3135 1342 3193 laudes

171 3237 263 3297 canit:
279 3236 382 3296 Patres
397 3238 489 3295 nostri
504 3243 693 3312 speraverunt
708 3239 737 3295 in
752 3244 791 3312 te,
806 3244 835 3297 et
851 3238 917 3297 dnm
932 3243 1083 3310 sperarent
1096 3237 1126 3295 in
1141 3243 1179 3312 te,
1195 3243 1228 3297 tu
1242 3240 1342 3297 eruisti

170 3342 244 3402 illos.
281 3340 328 3400 Ad
342 3346 372 3400 te
387 3341 595 3415 clamaverunt,
617 3347 646 3400 et
661 3342 789 3403 liberasti
811 3359 873 3416 eos,
895 3343 925 3401 in
939 3346 969 3400 te
984 3348 1174 3413 speraverunt
1188 3347 1217 3402 ιι
1232 3341 1342 3402 confusi

171 3461 227 3505 non
243 3452 318 3505 sunt.
356 3446 396 3505 lit
409 3433 484 3506 idem
504 3445 593 3507 verba
609 3445 714 3506 Christi
733 3447 873 3522 prolixius
888 3462 1064 3519 prosequens
1082 3447 1135 3518 ait,
1159 3447 1223 3519 iugo
1246 3451 1341 3506 autem

170 3552 274 3610 vermis
289 3557 318 3610 ct
333 3567 390 3612 nou
405 3551 498 3612 homo.
531 3551 558 3610 A
572 3557 653 3611 tanto
668 3553 756 3626 igitur
771 3568 841 3624 rege
857 3557 886 3610 et
899 3551 1042 3624 propheta
1057 3549 1151 3608 edocti
1166 3553 1196 3607 ιι
1211 3551 1341 3624 exemplo

171 3656 347 3717 dilectissimi
366 3655 419 3715 filii
440 3658 483 3716 tui
498 3658 635 3731 instituti,
661 3659 696 3717 de
711 3657 765 3716 hac
787 3658 924 3714 immensa
942 3655 1071 3714 bonitate
1090 3659 1140 3713 tua
1162 3659 1190 3714 ιι
1204 3654 1340 3714 interces-

171 3762 250 3822 sione
265 3762 336 3836 ejus,
352 3777 435 3835 quem
449 3762 541 3821 solnm
555 3778 606 3820 nos
619 3762 720 3821 audire
731 3762 853 3835 jussisti,
864 3776 1005 3835 quemque
1020 3760 1111 3819 solum
1126 3766 1246 3835 propter
1259 3777 1340 3822 rere·

170 3867 291 3926 rentiam
305 3867 395 3941 ipsius
410 3868 440 3924 in
455 3883 539 3925 cruce
555 3871 703 3926 extensum
719 3857 899 3927 exaudivisti.
933 3867 975 3925 Te
990 3866 1084 3926 Deum
1098 3882 1198 3925 verum
1213 3870 1244 3926 et
1257 3871 1341 3926 ceter·

158 3971 345 4047 vnum,Deum
355 3976 469 4047 patrum
479 3977 652 4046 nostrorum,
669 3976 698 4031 ιι
706 3972 862 4047 ipsiinhis,
877 3989 941 4046 quae
954 3989 1030 4032 nunc
1041 3990 1093 4033 nos
1102 3976 1245 4046 premunt,
1261 3971 1343 4030 malis

170 4077 367 4153 imploramus,
391 4093 503 4137 omnem
524 4082 651 4137 nostram
675 4093 755 4151 spem
779 4078 808 4135 in
831 4084 861 4137 te
881 4079 1061 4138 collocantes.
1101 4078 1176 4136 Vere
1196 4077 1270 4134 enim
1292 4090 1343 4133 nos

169 4198 271 4257 magna
286 4199 354 4257 pars
370 4198 467 4243 eorum
478 4188 508 4241 ιι
522 4181 626 4240 luimus
639 4187 668 4242 et
681 4199 787 4258 sumno,
804 4199 926 4257 quorum
938 4189 1037 4257 typum
1049 4181 1182 4256 praebuit,
1198 4181 1254 4238 imo
1270 4195 1341 4252 quo·

169 4304 232 4346 mm
246 4287 367 4348 vulnera
381 4293 410 4347 et
422 4286 528 4346 vibices
540 4286 615 4346 filius
629 4291 696 4346 tuus
710 4287 908 4348 dilectissimus
922 4290 996 4347 tulit.
1015 4286 1136 4368 Respice
1150 4286 1248 4360 igitur,
1265 4300 1342 4356 qum·

170 4407 276 4468 sumus,
292 4390 438 4452 infaciem
453 4393 523 4468 ejus,
540 4395 589 4467 qui
603 4399 722 4468 peccata
736 4398 836 4454 nostra
850 4393 925 4467 tulit,
942 4397 970 4452 et
984 4393 1125 4468 propitius
1140 4395 1202 4450 esto
1217 4389 1341 4465 peccatis
