2940 4900
658 332 722 399 165

93 520 152 590 tur,
178 529 275 590 quere
298 531 358 576 non
377 513 522 578 comedis?
552 515 585 578 Si
603 520 699 578 nutem
720 531 779 576 non
799 521 883 591 potes
906 513 1001 578 ndhue
1019 533 1082 595 pree
1104 517 1272 581 infirmitate

94 620 167 695 fidoi,
184 622 320 684 oleribus
336 637 451 684 vescere
472 629 502 683 et
520 639 557 683 ne
576 621 685 684 indices
707 637 771 682 eum
787 622 837 695 qui
852 617 966 682 Christo
985 624 1084 684 vivens
1099 625 1273 698 quibushbet

92 728 225 788 vescitur.
255 725 341 787 Nihil
355 727 431 787 enim
445 726 508 786 hoec
522 727 560 788 ed
574 729 696 788 salutem
710 725 828 787 fuciunt.
866 725 980 788 Deinde
994 732 1025 787 et
1038 729 1173 804 gentilem
1187 745 1269 790 coer·

92 849 178 908 quens
194 834 312 908 inquit:
329 834 375 893 Tu
389 849 441 893 cur
456 833 580 908 despicis
594 831 735 893 fratrem?
751 830 847 908 (quest
861 828 965 907 dicut),
981 849 1049 893 num
1063 833 1170 894 oblitus
1184 850 1225 910 es,
1239 841 1270 899 ce

92 953 151 998 esse
164 936 293 998 matrem
302 935 398 998 Judui
413 936 574 998 confitentis
584 935 748 998 Christum?
763 936 835 998 cum
850 942 880 997 et
893 939 919 998 is
933 953 1015 1012 mque
1030 953 1065 998 ee
1079 943 1112 1000 tn
1126 940 1157 998 in
1170 955 1268 1000 nume·

91 1057 152 1101 rum
175 1043 342 1103 electorum
369 1043 476 1102 escitns
499 1043 551 1116 sit,
582 1042 711 1117 nunquid
733 1055 791 1102 uon
812 1043 865 1103 tibi
893 1037 985 1104 freter
1009 1050 1054 1104 est
1074 1047 1105 1104 in
1132 1045 1268 1107 domino?

91 1145 227 1222 Nunquid
255 1151 383 1221 uterque
410 1151 538 1208 vestrum
564 1147 741 1208 solummodo
765 1145 858 1209 morte
881 1147 988 1210 Christi
1015 1149 1193 1212 salvabitur?
1222 1151 1269 1214 An
1326 1162 1329 1168 '

91 1253 184 1327 mgni
199 1251 319 1326 aliquid
333 1256 364 1312 te
378 1249 480 1312 fecisse
494 1256 593 1326 putes3
610 1254 635 1312 si
649 1253 783 1314 carnibus
798 1257 828 1312 et
841 1253 912 1314 cibis
926 1253 1021 1314 vetitis
1042 1256 1119 1314 vesci
1133 1253 1269 1316 noveris?

92 1357 175 1417 Parvi
190 1358 314 1420 domino
330 1359 458 1432 interest,
483 1371 555 1432 quos
570 1356 649 1418 cibos
663 1357 818 1418 menduces
832 1361 884 1418 cut
897 1372 956 1418 non
970 1358 1134 1434 menduces,
1149 1361 1202 1422 sed
1215 1361 1271 1423 hoc

94 1463 215 1536 requirit
230 1479 250 1523 o
266 1467 309 1539 te,
326 1467 358 1523 ut
373 1463 456 1524 donis
477 1466 506 1523 et
526 1462 601 1524 detis
615 1477 679 1522 oum
702 1463 860 1537 moturum
874 1464 987 1523 actione
1001 1461 1107 1523 huonis
1122 1454 1157 1524 cc
1169 1463 1270 1525 iisdem

94 1583 149 1627 non
163 1568 301 1629 abuteris
317 1573 371 1629 etc.
410 1567 453 1627 Ac
467 1568 563 1643 potius
578 1568 673 1628 animo
687 1571 781 1626 tecum
795 1567 924 1642 recolite,
942 1568 1019 1642 quod
1035 1585 1089 1645 pro
1103 1573 1192 1630 temet
1204 1571 1269 1654 ipso

92 1669 152 1731 Deo
172 1673 322 1734 rationem
341 1673 508 1734 redditurus
533 1678 681 1733 eteorum
699 1673 838 1732 mibunuli
860 1671 967 1733 Christi
988 1673 1130 1735 distendus
1144 1677 1194 1751 sis,
1216 1675 1267 1736 ubi

95 1789 155 1835 cum
169 1779 342 1840 steterimus
355 1779 387 1838 in
401 1777 448 1839 die
462 1777 512 1838 ille
524 1777 640 1852 judicii,
662 1778 686 1836 is
706 1783 792 1836 verus
811 1783 954 1838 scrutator
968 1794 1083 1856 renum,
1107 1781 1153 1842 oni
1167 1786 1269 1857 potent

94 1881 263 1944 abscondite
281 1881 427 1955 cordium,
450 1873 534 1944 focile
549 1883 643 1944 omnic
658 1882 841 1957 dijudicabit,
856 1880 1006 1959 profereus
1021 1901 1079 1958 que
1092 1883 1150 1946 fide
1163 1887 1269 1962 singuli

94 1985 203 2063 singule
217 1986 358 2063 feceriut,
383 1992 444 2047 tum
460 1987 537 2062 dico,
559 2003 622 2048 cum
636 2005 725 2064 egnes
739 1989 776 2050 cb
789 1989 880 2050 hoedis
894 1989 1011 2050 dividet.
1048 1990 1102 2051 His
1116 1991 1202 2067 dicet,
1216 2007 1265 2052 ve·

18 2151 19 2160 ,
96 2093 160 2168 nite,
175 2093 242 2170 illis,
259 2095 312 2154 ite.
350 2092 417 2153 Istis
440 2093 561 2168 scilicet,
586 2094 636 2167 qui
655 2109 731 2154 nunc
749 2094 845 2154 omnin
864 2093 1025 2168 dijudicent
1045 2113 1080 2156 ec
1100 2097 1180 2157 velut
1192 2096 1265 2158 hirci

96 2205 260 2274 comupetae
276 2199 384 2274 possim
399 2199 498 2258 obvios
513 2213 641 2273 quosque
656 2203 759 2275 petunt
772 2205 826 2261 etc.
862 2200 902 2260 Et
917 2199 1051 2262 debemus
1065 2199 1195 2277 profecto
1209 2199 1267 2264 fre·

18 2289 19 2300 ³
98 2306 170 2362 tum
189 2301 390 2366 infirmitatem
408 2304 551 2363 sustinere
570 2304 601 2364 in
620 2305 670 2378 iis,
694 2319 758 2378 quse
777 2308 879 2364 contro
899 2300 985 2365 fidem
1004 2321 1063 2364 non
1082 2301 1163 2363 fiunt.
1201 2304 1268 2366 Non

98 2407 168 2466 enim
182 2408 347 2484 periculum
362 2411 407 2467 est
420 2407 466 2466 hie
480 2408 527 2468 vel
541 2407 597 2468 illis
612 2409 683 2472 cibis
693 2409 779 2483 vesci,
796 2408 848 2469 sed
863 2423 926 2466 cum
940 2408 1113 2484 lurcombus,
1129 2409 1268 2470 helluoni·
1335 2485 1338 2490 Ι

97 2508 154 2587 bus,
169 2513 294 2576 moechis
309 2493 499 2587 commisceri,
514 2511 569 2572 hoc
583 2519 732 2588 peccetum
747 2519 799 2573 est.
838 2511 966 2572 Adduxit
980 2514 1117 2574 stlocum
1131 2513 1217 2573 Pauli
1231 2529 1268 2576 ex

96 2613 219 2680 Corinth.
245 2623 272 2678 1.
288 2595 411 2694 epistole
425 2633 487 2691 cop.
506 2619 535 2676 8.
573 2616 624 2678 Ait
645 2623 754 2692 eutem,
777 2617 802 2676 si
823 2618 854 2676 in
874 2617 1041 2693 adiaphoris
1055 2619 1157 2694 religio
1172 2620 1264 2679 consi·
1388 2669 1392 2676 .

97 2725 191 2797 steret,
207 2721 343 2799 prolecto
357 2721 466 2784 metro
480 2727 609 2783 mortuus
624 2728 668 2782 est
684 2721 822 2783 Christus.
852 2723 944 2782 Misso
958 2724 1046 2798 igitur
1059 2721 1196 2785 iaciemus
1210 2725 1267 2786 istu

98 2825 201 2898 judicie
215 2831 249 2889 et
263 2828 362 2889 demus
377 2843 495 2903 operum
509 2834 543 2888 ut
557 2825 615 2889 fide
630 2833 660 2887 et
673 2828 799 2901 puricum
813 2827 916 2888 cordis·
927 2829 1059 2889 instructi
1079 2845 1212 2906 supremo
1225 2829 1268 2892 illi

97 2929 181 3002 judici
194 2933 340 2994 rationem
354 2931 475 2993 reddere
491 2947 636 3007 queamus.
665 2931 710 2992 Do
724 2932 838 3007 relique
851 2939 946 2993 textus
960 2939 1044 3008 porte
1059 2933 1097 2994 cd
1113 2934 1188 2994 diem
1203 2934 1267 2996 seb-

99 3033 156 3096 beti
169 3053 201 3099 se
215 3037 358 3098 dicturum
372 3037 491 3112 recepit.
532 3059 535 3064 ·

182 3143 217 3202 A·
226 3141 363 3203 concione
377 3141 537 3202 Samuelem
551 3148 684 3218 nepotem
698 3147 828 3204 nostrum
839 3143 1016 3218 jentaculum
1034 3145 1065 3203 in
1078 3144 1202 3220 bospitio
1217 3161 1264 3205 su·
1302 3141 1312 3166 '

101 3251 219 3310 mentem
234 3247 376 3323 reperiet
389 3261 456 3307 mox
470 3246 525 3307 sub
539 3248 639 3310 horem
654 3264 758 3310 nonam
774 3247 894 3316 eundern
913 3247 951 3308 od
966 3247 1038 3323 Lyci
1052 3264 1144 3324 usque
1158 3245 1267 3310 fluente

17 3427 18 3436 ἵ
101 3349 291 3424 profecturum
321 3355 352 3412 in
379 3354 503 3427 petriam
523 3352 707 3429 deduximus,
734 3367 905 3429 prosperum
927 3353 983 3411 iter
1004 3356 1035 3410 et
1053 3353 1149 3412 omnin
1171 3349 1267 3413 inuste

17 3445 18 3458 ¹
103 3453 153 3528 insi
165 3463 327 3533 preeuntes,
342 3460 525 3534 injungentes
545 3475 609 3534 quoe
629 3459 707 3534 putri
721 3458 855 3533 Philippo
876 3455 968 3516 nostri
982 3455 1095 3516 nomine
1108 3454 1217 3514 diceret
1231 3469 1266 3514 cc

104 3559 201 3638 eidem,
218 3563 296 3638 quod
310 3563 439 3639 nuncius,
456 3579 541 3639 quem
555 3569 622 3624 ente
637 3561 793 3622 disoesmm
808 3575 890 3620 sunm
904 3559 1118 3634 emundaverat,
1140 3558 1266 3620 nondum

102 3679 229 3728 reversus
247 3665 358 3743 fueret,
388 3684 491 3728 eureos
513 3669 614 3744 viginti
636 3671 735 3728 mutuo
759 3665 903 3740 dedimus,
928 3664 1085 3726 Waldecioe
1111 3665 1266 3742 recepturi,

103 3772 175 3844 quod
189 3776 219 3833 et
232 3772 308 3833 bone
322 3771 381 3834 lide
395 3770 501 3834 fuctum
516 3777 569 3833 est.
599 3771 774 3847 Rogevimus
789 3785 902 3846 quoque
918 3770 1040 3831 eundem
1054 3775 1087 3831 ut
1100 3771 1199 3832 uxoris
1213 3787 1265 3833 nc·

104 3879 165 3934 stre
179 3881 210 3937 et
223 3874 320 3937 filiolo
335 3877 515 3953 menum,
539 3878 620 3953 cnjus
634 3877 815 3954 baptismatis
837 3881 985 3951 susceptor
999 3874 1067 3954 fuit,
1090 3893 1188 3938 omem
1202 3893 1266 3938 cum

104 3979 161 4040 toto
175 3981 301 4042 fflesdn
315 3987 416 4044 nostro
430 3984 485 4045 sibi
499 3983 724 4044 commendatum
739 3998 802 4043 esee
811 3984 894 4045 velit.
926 3982 1036 4044 Obtulit
1050 3987 1194 4059 pretereo
1207 3985 1267 4040 tum

104 4097 151 4158 per
163 4087 305 4148 Joeunem
320 4087 431 4148 Hedum
454 4089 496 4148 illi
511 4105 529 4148 e
543 4089 675 4164 secretis,
700 4105 785 4164 quom
806 4105 859 4164 per
881 4090 1096 4164 semetipsum,
1117 4086 1142 4144 si
1157 4098 1267 4146 sumunt

104 4192 274 4267 immissio,
290 4195 377 4267 quem
392 4205 482 4252 ooeser
497 4209 516 4254 c
529 4195 612 4255 nobis
628 4193 766 4270 exigeret,
790 4194 880 4254 minui
894 4211 952 4254 nou
966 4195 1073 4267 posset,
1088 4204 1142 4250 uec
1153 4193 1267 4265 petrem

105 4309 154 4356 nec
176 4313 209 4358 ee
230 4297 300 4358 mihi
322 4295 501 4374 defuturum,
527 4315 584 4375 quo
606 4301 698 4361 levius
719 4315 754 4360 ee
777 4313 887 4359 summe
907 4296 1118 4359 comederetur.
1156 4295 1268 4358 Prmtsr

105 4398 161 4464 boc
174 4401 259 4479 pettit
272 4405 307 4463 ut
317 4401 460 4466 ‘omuibus
482 4401 591 4466 viribus
610 4404 641 4465 in
656 4403 711 4465 hoc
724 4404 888 4467 incumbere
902 4401 1004 4478 velim,
1026 4416 1063 4461 ne
1079 4415 1137 4475 que
1150 4403 1268 4463 comite-
