3000 4904
748 329 815 399 236

195 520 290 576 torum
307 521 337 575 et
350 517 458 590 impetn
473 513 675 574 exundationis
696 528 836 587 aquarum
856 513 986 589 plaustra
1005 515 1115 589 aliquot
1132 514 1243 574 silicum
1257 504 1310 590 per
1323 516 1367 576 de-

196 637 270 681 vexa
285 621 423 681 montium
436 619 478 680 ita
492 621 523 678 in
537 617 635 693 bages
650 615 837 678 flavescentes
852 625 998 694 congesta,
1017 624 1050 678 ut
1063 616 1124 679 iere
1138 636 1221 694 seges
1236 625 1369 696 cooperta

194 726 352 786 videretur.
376 725 449 784 ltcm
464 723 532 784 albi
546 727 627 783 tanta
638 724 667 783 vi
679 739 797 782 arenam
808 725 839 782 iu
849 722 945 784 Salam
959 723 1068 784 invexit
1081 730 1115 783 ut
1129 721 1280 784 subitaneo
1294 730 1369 786 motu

193 833 287 906 pisces
300 832 381 892 vivos
394 829 426 887 in
441 829 546 887 siccum
569 827 686 888 eliceret
706 843 740 887 ac
753 827 854 886 rustici
868 842 929 902 eJus
949 828 1006 888 loci
1026 829 1119 902 pisces
1137 845 1227 888 menn
1247 828 1367 904 prehen-

194 933 308 1008 derent,
327 929 471 992 referente
489 930 613 992 Otthorm
628 931 850 1007 lintrenbergio.
1080 919 1081 924 ’

281 1038 357 1096 Dum
371 1035 519 1096 winerio
533 1035 565 1093 in
580 1051 646 1095 arcs
661 1036 757 1095 ducali
770 1037 848 1096 inter
861 1035 1003 1097 dominam
1018 1053 1131 1097 socrum
1145 1044 1176 1098 at
1190 1036 1369 1100 Guntherum

194 1143 326 1202 comitem
341 1156 428 1216 snper
444 1139 511 1200 dote
525 1139 687 1199 Anastasius
702 1141 800 1200 uxoris
815 1145 922 1200 nostrae
943 1145 973 1200 et
986 1141 1050 1200 ollis
1071 1157 1159 1202 causa
1172 1143 1367 1220 ventilaretur,

194 1261 344 1306 consessus
366 1245 479 1304 consilii
498 1245 564 1306 tulis
584 1243 646 1304 luit.
684 1244 797 1305 Primos
820 1247 998 1320 occupabant
1011 1245 1140 1306 loannes
1154 1238 1322 1308 Fridericus
1341 1253 1369 1308 et

193 1353 321 1414 loannes
340 1350 525 1424 wilhelmus,
549 1365 615 1408 nam
635 1349 737 1409 terum
757 1347 880 1412 instrum
901 1351 994 1411 adhuc
1014 1352 1189 1411 minorennis
1208 1357 1262 1412 est.
1301 1353 1368 1412 Post

159 1467 164 1474 ·
193 1457 245 1516 hos
260 1455 426 1516 Bernardus
441 1471 460 1514 a
473 1453 564 1513 Milen
579 1469 667 1527 eques
683 1454 782 1514 doctor
796 1456 922 1515 Vocatus
935 1454 1036 1528 Brugk
1050 1456 1154 1531 senior,
1173 1457 1274 1516 doctor
1289 1457 1367 1518 Dait

193 1561 277 1621 leben
299 1560 417 1633 nobilis,
444 1558 544 1618 doctor
566 1557 738 1632 Blichbard,
768 1558 868 1618 Justns
891 1575 909 1618 a
933 1559 1022 1633 Hayn
1043 1561 1232 1620 cancellarius
1254 1562 1366 1638 nobilis,

193 1663 326 1725 Wnlifius
341 1680 361 1723 a
374 1661 483 1722 Mulioh
498 1662 615 1736 nobilis,
632 1663 769 1738 magister
783 1661 883 1721 domus
900 1667 929 1721 et
939 1663 1085 1736 juniorum
1105 1667 1267 1740 principum
1288 1668 1367 1741 quasi

192 1770 363 1830 informator
383 1767 496 1828 nobilis.
541 1767 684 1841 Magister
705 1767 876 1826 Franciscus
899 1767 1081 1827 Borckhardi
1107 1771 1365 1846 vicecancellarius,

192 1875 336 1934 Henricus
349 1871 469 1932 Munich
482 1872 674 1931 marschalcus
694 1876 724 1931 et
739 1877 865 1946 quaestor
884 1875 1004 1932 erarius
1026 1889 1189 1949 supremus,
1213 1875 1292 1949 quod
1307 1874 1366 1935 offi-

193 1980 268 2038 cium
282 1983 312 2037 ct
326 1977 379 2036 snb
394 1975 507 2035 seniore
522 1976 645 2035 elamore
659 1977 753 2037 tenuit
767 1980 797 2035 ct
810 1976 872 2049 ipse
887 1975 978 2036 nobili
993 1979 1106 2051 genitus
1122 1980 1268 2053 prosapia.
1294 1980 1367 2040 Doc-

192 2088 239 2144 tor
253 2081 387 2142 Basilius.
410 2081 457 2138 Ex
470 2080 612 2140 tutoribus
626 2079 788 2140 Anastasia
799 2079 939 2155 Georgius
948 2081 1089 2140 Ernestns
1104 2085 1262 2143 avunculus
1277 2087 1365 2160 ipsius

194 2189 271 2247 solus
286 2183 389 2260 adicit,
410 2201 477 2245 nam
491 2183 641 2260 Philippus
656 2182 832 2245 aMansleld
846 2201 862 2244 e
877 2185 949 2244 vivis
964 2189 1094 2246 excessit.
1134 2188 1334 2262 sigismundus
1348 2207 1367 2250 a

193 2291 324 2352 Holbacb
339 2307 400 2365 prae
415 2290 495 2350 senio
510 2289 554 2350 bis
568 2305 641 2364 puer
653 2294 705 2349 est.
729 2289 895 2350 Fridericus
908 2289 1144 2366 ewangenheim
1153 2293 1276 2354 adversa
1290 2295 1367 2354 vale

193 2397 294 2458 tudine
308 2394 467 2456 laborabat.
496 2394 523 2454 A
537 2395 663 2458 consiliis
677 2409 747 2454 vero
762 2399 793 2454 et
807 2393 888 2454 verbi
904 2392 961 2453 dux
975 2397 1116 2457 Melchior
1131 2398 1168 2457 ab
1184 2398 1258 2458 Ossa
1271 2399 1367 2474 legum

194 2504 294 2563 dootm
314 2505 344 2560 et
359 2498 448 2574 judex
470 2500 578 2560 aulicos
600 2499 736 2559 Mauricii
759 2499 839 2557 ducis
859 2504 889 2557 et
908 2497 1007 2558 Gallus
1026 2501 1168 2562 Biretaens
1189 2507 1283 2562 erant.
1320 2505 1368 2563 Ex

193 2613 276 2683 parte
291 2603 432 2666 Guntheri
453 2604 674 2680 christophorus
697 2602 734 2662 ab
753 2603 937 2676 Entaenberg
958 2608 1090 2678 satrapas
1114 2605 1151 2664 ab
1173 2607 1316 2668 Arnstadt
1338 2613 1370 2668 et

192 2712 294 2772 doctor
307 2709 499 2784 Reinhardns,
515 2711 564 2785 qni
579 2726 681 2785 parum
695 2709 796 2782 gratiae
812 2714 841 2768 et
854 2708 950 2767 laudis
965 2709 1126 2769 mentando
1143 2711 1190 2770 vel
1204 2713 1312 2787 potins,
1335 2718 1369 2772 nt

194 2817 403 2891 edoctuserat,
424 2815 574 2876 mendacia
588 2813 739 2875 referendo
754 2812 833 2888 apud
847 2812 990 2886 principes
1014 2819 1043 2873 et
1053 2816 1235 2876 consiliarios
1251 2817 1368 2877 ducales

194 2924 312 2982 meritus
327 2927 379 2982 ost.

282 3023 362 3085 Nola
382 3026 418 3085 de
438 3025 515 3084 mille
533 3024 651 3086 florenis
672 3023 821 3083 Gunthero
841 3028 939 3084 mutuo
959 3024 1048 3099 datis,
1070 3029 1103 3084 nt
1122 3026 1228 3086 littam
1250 3026 1366 3087 demon·

195 3133 302 3200 suant,
322 3128 389 3187 licet
404 3129 503 3188 doctor
519 3129 636 3206 (inscius
652 3125 789 3202 arbitror)
804 3129 889 3204 hujus
904 3129 994 3188 debiti
1008 3127 1118 3190 inficias
1131 3130 1196 3190 iret.

283 3233 446 3292 Invitemnt
471 3249 524 3292 nos
545 3232 666 3292 Carolus
693 3231 787 3293 affims
809 3237 908 3294 noster
930 3239 960 3293 ct
978 3233 1055 3294 idom
1074 3235 1162 3296 vidum
1181 3235 1212 3292 in
1231 3233 1367 3309 Rhemdt,

195 3339 262 3396 olim
276 3338 398 3398 loannis
413 3338 523 3398 comitis
538 3353 556 3396 a
572 3336 708 3396 Gleichen
722 3352 805 3396 uxor.

282 3443 392 3504 Eadem
414 3445 649 3505 dominasoerus
669 3442 853 3502 Anastasiam
875 3446 904 3501 et
922 3442 1065 3502 Eubulum
1086 3444 1118 3502 in
1137 3450 1367 3504 concameratum

194 3551 253 3610 sive
274 3551 519 3610 conservatorium
536 3548 718 3608 Rudelstadii
737 3547 909 3622 introduxit,
933 3546 982 3607 ubi
1001 3547 1131 3607 Eubulus
1147 3549 1245 3622 jussus
1268 3554 1368 3609 estex

193 3655 353 3714 inventario
368 3653 398 3712 in
413 3653 585 3713 membranis
600 3653 761 3727 conscripto
777 3668 813 3711 ex
826 3653 926 3712 ordine
939 3650 1050 3727 legere,
1063 3669 1129 3726 quae
1140 3669 1212 3714 vasa
1225 3654 1369 3713 deamata

195 3763 225 3816 et
239 3761 376 3830 argentea
389 3757 495 3818 ibidem
512 3759 543 3816 iu
558 3757 778 3821 conservatoriis
797 3761 1022 3817 asservarentur.
1060 3758 1104 3816 Ac
1120 3759 1233 3834 singula
1247 3763 1281 3816 ut
1295 3758 1368 3818 reci·

194 3861 333 3921 tabantur
345 3861 463 3921 inventa
482 3866 558 3920 sunt.
595 3862 684 3922 Dedit
697 3866 794 3922 autem
813 3877 910 3922 socrus
925 3877 961 3920 ex
982 3877 1016 3922 eo
1030 3862 1238 3938 reconditorio,
1262 3865 1367 3937 inquo

194 3967 324 4045 supellex
345 3971 483 4042 argentea
503 3967 559 4042 ipsi
578 3968 673 4026 socrui
688 3966 733 4026 vel
747 3966 823 4026 dono
841 3967 924 4040 data,
945 3966 991 4026 vcl
1006 3981 1042 4025 cx
1056 3967 1173 4041 proprio
1187 3971 1256 4042 post
1269 3968 1368 4026 mariti

194 4073 304 4134 obitum
326 4069 463 4147 conflata,
487 4073 564 4146 erat,
594 4070 755 4131 Anastasia
773 4073 878 4131 datum
897 4072 969 4144 justi
989 4067 1123 4144 ponderis
1145 4071 1240 4131 medio
1262 4071 1368 4132 violam

193 4176 337 4239 referente
352 4195 385 4237 cc
400 4180 578 4245 deauratum.
607 4177 722 4237 Enbnlo
737 4192 805 4236 vero
821 4177 991 4236 cantharum
1012 4180 1180 4249 argenteum
1195 4191 1231 4235 ex
1245 4182 1367 4250 argento

193 4299 267 4358 puro
288 4283 327 4343 ad
346 4284 438 4342 instar
458 4281 585 4343 fimbrias
599 4282 670 4357 ligni
690 4275 859 4342 deauratum
878 4295 952 4356 pene
972 4280 1201 4354 sesquiquartam
1214 4285 1248 4340 ut
1261 4287 1368 4342 vocant

219 4385 293 4456 cnidi
315 4401 457 4462 capacem.
494 4389 596 4448 Vestes
619 4401 732 4462 quoqne
752 4385 881 4444 Aemiliae
902 4384 941 4444 ad
958 4386 1073 4462 nuptias
1097 4391 1215 4462 paratos
1232 4386 1365 4448 vidimus.
