3028 4894
715 335 756 398 55

142 517 276 579 omnibus
293 517 483 580 obedientiam
498 517 576 590 petri
589 521 729 590 praestare
749 516 870 590 debere,
894 517 1007 591 abque,
1031 517 1108 591 quod
1122 519 1321 590 pater-melius

142 625 255 684 noverit
280 628 310 683 et
330 629 512 696 perspectum
535 621 658 695 habeat,
682 621 751 694 quid
773 619 832 680 filio
854 623 948 694 prosit
968 638 1002 681 ao
1016 637 1114 696 seous,
1138 639 1223 695 quam
1245 621 1321 682 filius

141 743 301 802 agnoscere
316 733 366 788 aut
380 730 453 787 seire
468 729 588 802 ipsemet
601 728 702 800 possit.
739 727 842 798 sicque
858 731 887 784 et
902 726 1107 799 discipulorum
1122 743 1248 787 amonem
1262 745 1320 787 non

143 851 179 892 ex
202 835 280 893 omni
299 838 382 906 parte
404 835 550 907 integrum
570 831 671 904 fuisse,
695 831 744 904 qui
759 831 902 890 Christum
923 832 1001 904 apud
1022 833 1100 905 ipsos
1122 833 1168 891 hio
1188 835 1218 893 in
1240 837 1319 892 terra

142 939 281 997 mansisse
296 939 386 1011 magis
402 943 562 1013 optassent,
578 955 664 1012 quam
680 938 716 998 ad
731 941 843 997 tanturn
855 937 955 997 salutis
971 954 1042 1010 opus
1058 944 1087 997 et
1101 939 1223 1011 gloriam
1238 954 1320 998 suam

142 1043 276 1101 transire.
314 1044 387 1102 Item
400 1044 476 1104 idem
491 1043 566 1116 iore,
588 1046 613 1102 si
628 1044 691 1118 quis
705 1045 736 1103 in
750 1044 829 1102 luotu
844 1044 880 1103 ob
896 1043 1004 1102 obitum
1018 1046 1171 1114 parentum
1185 1043 1231 1101 vel
1247 1043 1316 1103 ami-

141 1163 240 1207 cornm
254 1163 379 1207 moerore
394 1165 606 1222 supervacaneo
621 1149 733 1222 lugeret
748 1148 1038 1221 remuneraturum,
1060 1148 1142 1220 quasi
1157 1147 1213 1206 illis
1228 1149 1316 1206 vitam

142 1254 300 1314 beatiorem
314 1255 345 1314 in
359 1253 469 1314 ooelesti
484 1255 579 1329 patria
592 1253 729 1314 invideat.
768 1253 859 1312 Dolor
877 1253 965 1324 enim,
989 1253 1090 1324 inquit,
1114 1252 1149 1312 de
1164 1254 1316 1312 amissione

141 1364 294 1432 parentum
308 1361 354 1418 vel
368 1360 523 1418 amicorum
536 1359 631 1432 justus
647 1363 700 1432 est,
716 1372 814 1416 uerum
823 1357 847 1414 is
857 1372 923 1416 suas
938 1361 1029 1416 metas
1039 1355 1136 1428 habet,
1153 1371 1224 1428 quos
1239 1358 1317 1416 ultra

141 1466 272 1538 nitroque
287 1465 386 1539 egredi
400 1481 459 1524 non
476 1465 567 1524 deoet.
591 1463 625 1522 Id
640 1478 753 1536 qnoque
769 1461 888 1521 notavit.
912 1459 1066 1521 Dominum
1081 1476 1139 1518 non
1154 1461 1248 1520 verbis
1264 1462 1315 1521 du·

141 1569 266 1630 rioribus
276 1585 440 1644 usumesse,
457 1569 541 1644 quale
552 1574 596 1628 est
606 1567 765 1640 »moriar«,
781 1570 832 1626 aut
843 1567 948 1639 simile;
966 1564 1187 1625 sedsennonem
1201 1581 1254 1638 per
1269 1581 1317 1625 ex·

141 1675 313 1747 positionem
321 1677 475 1748 mitigasse,
492 1674 609 1748 soilioet,
628 1672 920 1745 »vadoedpatrem«,
937 1669 1127 1730 sioutPardus
1142 1687 1200 1730 non
1212 1671 1317 1730 dixerit

144 1781 249 1852 »oupio
258 1781 362 1854 mori«,
373 1781 425 1840 sed
436 1779 572 1839 »dissolvi
581 1780 696 1853 cupio«
710 1778 777 1836 Non
787 1781 832 1834 est
840 1776 970 1834 enimres
980 1774 1076 1850 digna,
1086 1777 1188 1849 inquit,
1199 1775 1314 1836 duriore

142 1885 274 1945 oratione
289 1883 324 1944 de
339 1889 430 1945 morte
444 1886 520 1943 inter
536 1883 714 1943 Christianos
730 1881 882 1941 disserere.
921 1880 996 1953 Quid
1011 1882 1085 1939 enim
1099 1881 1192 1954 aliud,
1210 1881 1313 1956 inquit,

141 1995 186 2048 est
199 1991 287 2065 mori,
311 2007 396 2064 quem
411 1990 437 2048 si
450 1991 515 2062 quis
530 2004 669 2048 annosum
684 1993 714 2047 et
727 1987 852 2057 vetulum
868 1986 1023 2060 cabellum,
1047 1986 1097 2059 qui
1111 1990 1172 2046 toto
1188 1986 1234 2046 die
1249 2003 1312 2046 our-

141 2111 205 2153 rum
220 2095 266 2154 vel
280 2096 376 2170 bigam
390 2095 526 2168 traxerit,
538 2095 599 2167 jam
613 2094 720 2152 lassum
736 2092 790 2152 snb
804 2098 915 2152 nortem
931 2093 1036 2166 solvat,
1053 2093 1233 2167 requiescere
1247 2109 1312 2166 per-

141 2201 250 2273 mittet,
272 2200 387 2259 interim
403 2205 432 2258 et
446 2197 583 2273 pabulum
598 2198 640 2256 illi
655 2191 796 2271 praebens.
834 2199 901 2256 Non
916 2197 1015 2268 aliter,
1035 2197 1090 2270 ait,
1113 2203 1194 2258 vetus
1215 2204 1313 2259 noster

140 2303 233 2364 Adam
248 2305 279 2362 in
293 2305 361 2378 biga
376 2305 470 2364 earnis
485 2308 662 2362 emaceratos
678 2307 707 2362 et
721 2304 824 2376 anima,
840 2318 904 2375 quae
920 2318 935 2361 e
950 2303 1081 2375 supernis
1096 2305 1125 2360 et
1144 2302 1174 2361 in
1189 2319 1314 2377 superna

140 2409 305 2483 revertitur,
321 2411 351 2468 in
365 2409 512 2483 ergastulo
527 2409 655 2482 eorporis
670 2407 802 2494 detenta,
819 2407 849 2465 in
863 2411 955 2467 morte
971 2407 1103 2478 solvitur,
1120 2412 1149 2465 et
1162 2412 1231 2465 tuno
1245 2423 1312 2466 saro

141 2520 171 2575 et
184 2529 251 2573 ossa
266 2515 461 2588 requiescunt,
479 2514 574 2574 anima
589 2527 658 2571 vero
673 2512 766 2571 libera
780 2510 817 2570 ad
831 2511 946 2570 beatam
961 2511 1084 2583 petriam
1098 2510 1243 2583 remigrat.
1267 2512 1313 2572 Ad

140 2617 229 2692 huno,
250 2616 327 2692 infit,
349 2618 464 2678 modum
477 2619 541 2690 pius
560 2623 644 2690 peter
663 2615 785 2676 familias
805 2613 906 2674 morbo
926 2614 1090 2674 debilitatus
1109 2614 1159 2675 ubi
1179 2633 1210 2674 se
1228 2618 1313 2674 morti

137 2724 197 2797 jem
211 2723 337 2784 vicinum
350 2723 465 2797 uiderit,
481 2723 587 2782 liberos
601 2721 648 2781 vel
662 2722 773 2780 amieos¹
783 2719 894 2778 hortari
907 2720 954 2778 vel
968 2721 1110 2778 consolari
1125 2723 1234 2793 posset:
1251 2719 1311 2777 No·

140 2830 191 2888 lite
205 2843 331 2888 moerore
346 2826 430 2901 alfini,
442 2843 496 2900 ego
511 2828 585 2888 enim
598 2828 659 2900 jam
675 2825 783 2886 dudum
796 2826 827 2883 in
840 2823 896 2884 hoo
907 2823 1001 2884 stadio
1017 2823 1149 2884 currendi
1163 2827 1214 2884 aut
1228 2823 1313 2898 hujus

140 2935 253 2994 itineris
268 2949 331 2992 sum
344 2938 494 3006 pertaesus.
532 2932 614 2993 Vade
630 2931 668 2990 ad
683 2932 817 3005 quietem,
837 2946 896 2989 non
910 2931 1030 3003 morior;
1055 2930 1158 2990 eoelum
1172 2933 1311 3004 repetem,

141 3037 190 3098 ubi
209 3053 323 3111 semper
339 3054 403 3096 oum
418 3037 531 3097 doniino
547 3053 596 3096 ero
612 3041 666 3096 eto.
704 3038 757 3096 His
773 3034 884 3096 addidit
899 3035 935 3095 de
948 3034 1046 3095 verbis
1061 3034 1179 3110 domini,
1204 3037 1311 3110 dioens,

141 3144 208 3217 quia
221 3149 308 3217 pater
321 3143 412 3216 major
426 3157 472 3201 me
487 3148 545 3216 est,
562 3159 597 3201 ex
610 3141 665 3203 hoo
679 3144 742 3201 loeo
756 3141 880 3202 Arianos
899 3141 976 3200 virus
991 3157 1073 3200 suum
1087 3146 1238 3214 suxerunt,
1263 3141 1312 3214 qui

135 3247 287 3308 Christum
302 3248 332 3308 in
346 3261 475 3322 persona*
485 3252 567 3321 petre
582 3247 721 3307 minorem
735 3261 799 3304 esse
815 3245 1034 3306 contendebant.
1071 3245 1128 3305 Sed
1141 3247 1166 3304 si
1181 3244 1309 3304 conside

141 3357 268 3427 rassent,
284 3353 389 3427 inquit,
406 3353 433 3412 d.
449 3352 569 3412 Paulum
584 3351 623 3410 ed
637 3351 834 3425 Philippenses
851 3353 885 3422 3,
901 3349 1020 3422 saquahs
1035 3348 1099 3409 Deo
1113 3349 1206 3409 forma
1220 3355 1265 3408 eet
1278 3355 1312 3408 ut

141 3457 225 3517 homo
240 3461 309 3532 een,
327 3458 453 3532 allegans
469 3463 499 3517 et
512 3457 605 3517 locum
620 3455 646 3515 d.
663 3457 756 3529 Petri,
781 3455 938 3528 symbolum
954 3468 1068 3526 quoqne
1078 3437 1244 3526 Athanasii,
1261 3454 1310 3525 qui

141 3561 177 3624 de
193 3561 309 3622 Christo
324 3563 373 3638 ait,
390 3564 508 3637 aequalis
523 3564 599 3636 patri
610 3563 693 3636 juxta
709 3559 897 3632 divinitmem,
912 3558 1004 3616 minor
1020 3559 1103 3628 patre
1113 3557 1198 3629 juxte
1212 3555 1310 3614 huma-

141 3668 260 3728 nitatem
274 3671 328 3728 eto.
351 3669 414 3728 Neo
427 3674 480 3743 est,
496 3668 597 3741 inquit,
614 3665 688 3725 filius
698 3663 828 3722 Christus
843 3676 897 3720 neo
910 3662 940 3720 in
955 3661 1012 3721 duo
1027 3659 1144 3734 dimeus,
1160 3660 1210 3720 sed
1224 3676 1310 3720 verns

141 3773 219 3834 Deus
236 3773 363 3833 ethome
379 3790 473 3832 verus.
505 3773 585 3834 Siout
599 3773 635 3834 de
651 3771 714 3830 Deo
729 3773 813 3844 patre
828 3767 924 3826 dioere
939 3780 1100 3838 possumus:
1118 3765 1206 3826 Pater
1221 3770 1265 3825 est
1279 3767 1310 3825 in

123 3865 223 3952 'ooelo,
239 3882 323 3952 pater
338 3883 382 3938 est
396 3879 426 3937 in
440 3879 535 3938 terris.
561 3877 645 3950 Quod
658 3881 811 3947 utrumque
825 3888 924 3932 veram
939 3876 991 3930 est.
1022 3869 1096 3932 Nam
1111 3872 1206 3931 anima
1220 3874 1311 3946 petris

141 3983 171 4044 in
184 3975 273 4058 ooelo,
297 3999 408 4058 eorpus·
420 4001 489 4044 vero
509 3986 539 4043 in
557 3984 644 4042 terris
660 3988 713 4042 est.
751 3978 791 4038 At
807 3978 842 4038 de
863 3978 907 4037 his
923 3992 954 4036 se
967 3977 1138 4036 lucidentius
1158 3976 1197 4036 ad
1209 3975 1311 4036 ianam

142 4093 251 4148 sextum
274 4089 415 4148 dicturum
441 4089 580 4162 promisit.
618 4089 672 4148 Est
691 4089 766 4146 enim
786 4084 932 4144 Musoudns
951 4080 1105 4142 verborum
1125 4081 1232 4140 domini
1251 4080 1308 4138 ele-

142 4194 323 4264 gantissimus
337 4193 532 4266 dispensator,
556 4194 604 4266 qui
620 4208 673 4251 neo
688 4209 775 4250 unum
786 4193 849 4265 jota
863 4191 909 4250 vel
924 4189 1042 4260 apicem,
1066 4201 1103 4245 ne
1119 4183 1211 4243 dicam
1226 4198 1311 4244 noeu-

142 4295 198 4354 lam
213 4297 391 4357 mexonssam
406 4297 550 4370 relinquit.
580 4295 734 4358 Confirmet
747 4298 777 4354 in
791 4296 854 4368 ipso
870 4294 1009 4364 dominus,
1026 4287 1104 4363 quod
1118 4294 1253 4361 operatus
1268 4295 1311 4347 est

68 4395 71 4404 ⁴
142 4402 237 4460 meo.
