2966 4900
96 511 211 568 qaarum
227 513 287 556 una
303 496 459 572 pendebat
474 505 588 559 centurn
603 505 632 558 et
646 500 766 575 triginta
781 515 900 574 aureos,
925 501 1018 562 altera
1034 509 1185 566 coronatos
1200 512 1279 566 octo·

94 599 168 674 ginta
182 607 316 674 quatuor
334 609 366 663 et
384 605 568 663 semunciam.
600 601 675 661 Nam
696 605 830 678 pecunia,
854 621 918 677 quae
940 623 955 665 e
976 608 1159 682 Noriuberga
1179 612 1278 670 venire

95 704 225 779 debebat,
249 708 394 767 nondum
413 710 502 768 allata
523 715 596 768 erat.
626 709 667 767 Et
685 709 762 766 ultra
781 708 828 767 hic
851 716 980 783 sumptus
1000 710 1097 772 facere
1116 713 1219 773 multas
1240 715 1278 772 oh

93 823 188 868 causas
204 811 434 873 incommodam
449 819 521 872 erat.

175 913 203 970 A
226 916 363 988 prandio
387 919 519 976 comitem
540 917 723 974 Wilhelmum
751 917 849 990 inuisi,
878 920 974 978 omnia
1003 925 1032 977 et
1056 925 1088 978 ut
1111 920 1276 980 acciderant

93 1016 247 1078 exordiae
270 1019 411 1081 referens
434 1028 464 1080 ct
487 1031 573 1094 super
596 1022 659 1080 aliis
685 1022 746 1093 ejus
771 1021 920 1080 consilium
942 1024 1038 1082 audivi
1061 1024 1210 1096 obtulique
1233 1026 1275 1082 illi

93 1135 200 1191 equum.

174 1226 294 1286 Deinde
310 1229 471 1301 hospitium
486 1229 619 1290 electoris
633 1231 806 1289 marchionis
822 1232 965 1289 hensiens
976 1236 1137 1304 opportune
1146 1233 1273 1291 marchio

93 1327 210 1397 primum
227 1347 244 1388 e
261 1333 356 1392 domo
373 1335 520 1393 senatoria
534 1340 684 1394 reuertens
700 1334 777 1392 aedes
793 1336 891 1393 intrat.
915 1334 1089 1394 Subsecutus
1103 1336 1200 1407 itaque
1215 1337 1273 1394 Lu·

94 1432 224 1510 daritiam
240 1440 372 1497 conveni
389 1444 419 1497 et
433 1444 465 1496 ut
479 1440 635 1498 marchioni
656 1454 720 1498 meo
741 1439 855 1498 nomine
875 1439 984 1512 gratim
1004 1444 1119 1511 ageret,
1140 1438 1200 1498 sive
1219 1457 1272 1512 pro

92 1550 133 1593 mc
147 1539 372 1602 intercessisset
386 1543 444 1602 sive
458 1560 527 1604 uon.
558 1544 633 1602 Nam
644 1546 706 1617 jam
720 1544 792 1602 nihil
807 1545 868 1617 spei
883 1543 919 1601 de
935 1559 969 1601 ca
984 1559 1016 1600 re
1031 1543 1184 1615 reliquum.
1215 1544 1271 1602 Ve-

93 1656 152 1698 rum
166 1660 205 1701 ue
221 1652 405 1718 gravaretur
420 1664 438 1706 a
452 1648 615 1706 marchione
632 1647 755 1719 discere,
777 1649 802 1704 sl
823 1648 1018 1724 intercesserit
1037 1663 1075 1704 un
1094 1663 1190 1720 secus,
1214 1664 1271 1720 quo

93 1742 224 1806 haberem
242 1751 330 1822 quod
345 1751 519 1826 principibus
535 1758 564 1812 et
578 1751 728 1811 comitibus
745 1751 781 1810 de
796 1751 971 1825 Henncberg
986 1752 1025 1810 ad
1043 1752 1151 1824 scripta
1172 1767 1271 1810 eorum

95 1852 270 1923 respondere
286 1872 414 1929 possem.
444 1856 594 1916 Allooutus
610 1873 671 1914 sum
687 1871 800 1928 quoque
820 1854 939 1916 fratrem
959 1871 1124 1930 germanam
1144 1856 1269 1916 Atreba-

95 1955 179 2012 tensis
193 1974 309 2032 rogans
325 1962 400 2019 inter
415 1967 521 2034 cetera,
539 1967 571 2020 ιιι
585 1960 690 2020 fratres
704 1977 784 2020 meos
799 1961 1008 2020 commendatos
1024 1961 1100 2035 apud
1115 1965 1226 2034 patrem
1241 1966 1270 2018 et

97 2052 213 2120 intrem
229 2080 319 2124 suum
333 2066 485 2140 praesulem
500 2065 629 2126 haberet.

181 2165 298 2227 Eadem
316 2169 447 2242 quidem,
470 2171 548 2242 quod
562 2170 701 2230 incestum
724 2189 787 2232 cum
811 2188 949 2246 germana
971 2187 1070 2231 sorore
1091 2171 1189 2229 uxama
1209 2185 1269 2230 suae

100 2270 282 2345 commiserit,
299 2289 354 2346 pro
368 2271 432 2332 foro
448 2279 477 2331 et
492 2276 579 2347 virgis
594 2291 684 2334 casam
700 2283 729 2337 et
743 2277 858 2335 civitate
873 2274 1005 2347 Augusta
1020 2275 1127 2344 ejectus
1143 2279 1196 2333 est.

181 2373 301 2437 Eadem
325 2377 545 2449 christophorus
566 2379 624 2438 dux
643 2386 672 2438 et
693 2371 787 2439 comes
810 2396 828 2438 a
850 2377 1049 2450 Whtenberg,
1073 2376 1123 2448 qui
1143 2391 1267 2450 quoque,

101 2487 159 2532 cum
178 2483 295 2540 veniam
318 2489 463 2540 a'eoesare
485 2490 626 2558 peterem,
650 2486 758 2558 astitit,
779 2483 846 2542 hinc
864 2481 950 2554 abiit,
971 2497 1029 2540 non
1044 2479 1121 2538 omani
1135 2496 1171 2538 ex
1184 2486 1268 2554 parte

101 2591 159 2637 0111ss
174 2587 274 2656 gratia
288 2586 429 2644 dimissus.

184 2687 298 2750 Eadem
312 2691 442 2750 omnibus
458 2691 647 2752 creditoribus
667 2691 748 2751 ducis
770 2690 902 2750 Otthonis
921 2688 1041 2747 Hernici
1060 2687 1186 2746 Palatini
1206 2687 1267 2746 dies

102 2792 255 2852 omnium
275 2799 350 2868 erat,
374 2795 476 2866 quibus
491 2795 554 2853 haec
569 2796 626 2854 duo
641 2796 757 2854 caesaris
772 2794 887 2854 nomine
902 2794 1146 2867 proponebantur.
1169 2792 1266 2850 Primo

102 2903 162 2950 cum
175 2897 247 2969 ipsis
263 2900 473 2972 expostulatum
488 2905 544 2973 est,
562 2900 639 2973 quod
653 2916 704 2959 suo
721 2916 779 2958 aere
794 2900 991 2958 Palatinatum
1005 2900 1183 2956 onerassent.
1207 2895 1265 2956 De·

103 2993 166 3056 inde
181 3005 205 3061 si
221 3003 391 3077 quiessent,
409 3003 458 3077 qui
473 3002 620 3063 dimidium
637 3004 813 3078 depromptae
828 3002 957 3077 pecuniae
973 3003 1103 3076 accipere
1117 3001 1231 3074 vellent,
1248 3017 1267 3058 a

103 3098 287 3165 thesaurariis
301 3124 434 3166 casareae
449 3108 606 3181 moiesmtis
621 3125 685 3168 eam
699 3110 870 3183 reciperent.
902 3106 953 3166 Sin
971 3123 1041 3167 vero
1061 3105 1124 3164 haec
1143 3105 1191 3164 via
1210 3105 1266 3164 illis

104 3202 303 3271 incommodior
317 3213 478 3283 videretur,
502 3229 636 3273 caesarem
651 3231 801 3288 passurum
816 3218 850 3271 at
863 3214 953 3285 injus
969 3228 987 3270 a
1007 3210 1197 3270 creditoribus
1217 3225 1267 3269 vo·

16 3374 18 3391 ,
105 3320 224 3374 casem.
255 3316 351 3376 Durus
366 3322 431 3376 erat
444 3318 469 3374 is
488 3318 678 3377 creditoribus
700 3335 809 3390 sermo,
836 3333 933 3382 verum
954 3317 1056 3389 religio
1077 3319 1121 3372 est
1139 3316 1209 3386 ipsis
1229 3330 1267 3370 ne

105 3417 192 3490 major
206 3435 310 3494 rogans
324 3422 448 3495 imperet
462 3437 525 3493 quae
542 3423 618 3481 velit
648 3422 724 3480 Nam
738 3422 883 3480 Herbroto
898 3418 1008 3476 consuli
1026 3415 1100 3472 male
1119 3417 1181 3471 haee
1202 3413 1268 3470 alea,

17 3594 18 3601 ἵ
106 3532 238 3599 cesserat,
262 3526 312 3599 qui
335 3542 397 3584 cum
420 3524 585 3585 Charibdim
605 3524 733 3599 fugeret,
757 3526 788 3582 in
804 3523 905 3594 Scyllae
922 3523 1082 3578 monstrum
1096 3516 1211 3589 incidit,
1234 3522 1267 3574 ut

18 3606 19 3615 ἵ
106 3631 231 3702 superius
247 3630 419 3688 dictumest.

189 3735 443 3794 Schwartzenstcin
466 3733 565 3792 eadem
587 3732 632 3790 die
653 3729 799 3789 nobiscum
819 3745 941 3803 pransus
963 3731 1018 3786 est.
1047 3727 1076 3784 A
1095 3741 1178 3784 caena
1197 3722 1265 3784 Gla-

107 3849 181 3896 scrus
197 3855 249 3900 nos
264 3839 383 3897 invisiit.
407 3838 494 3896 Venit
509 3837 546 3896 ad
559 3835 713 3910 hospitium
728 3841 858 3894 nostrum
874 3838 903 3892 et
917 3832 1105 3908 wolfgangus
1120 3847 1214 3892 comes
1229 3830 1266 3890 ab

16 3987 17 3990 ,
107 3937 257 4017 detingeu,
283 3944 372 4016 magis
386 3947 419 4000 ut
433 3941 511 4015 opud
530 3942 672 4015 hospitem
693 3941 785 4000 latens
806 3940 902 3998 vinum
921 3937 1105 4011 decoqueret,
1129 3951 1215 4008 quam
1233 3937 1267 3988 ut

107 4049 253 4121 quenpiam
267 4064 303 4106 ex
318 4052 417 4106 nostro
435 4047 569 4106 sodalitio
584 4047 792 4121 alloqueretur,
816 4045 883 4103 licet
896 4060 916 4102 a
930 4043 1011 4104 nobis
1026 4041 1065 4100 ed
1084 4052 1196 4097 caenam
1217 4049 1267 4092 vo·

106 4156 179 4210 utus
195 4156 280 4211 esset.

187 4255 247 4316 Sub
261 4262 373 4316 nomem
387 4257 492 4329 hospes
507 4260 605 4315 noster
620 4271 683 4314 cnm
701 4270 791 4313 uxore
810 4252 881 4311 mihi
903 4247 1132 4325 spoponderunt,
1155 4259 1185 4301 se
1205 4247 1264 4302 tre·

106 4364 195 4420 mutos
209 4361 292 4422 nobis
306 4359 431 4422 florenos
446 4365 544 4420 mutuo
560 4359 642 4433 darc,
666 4375 719 4419 nec
733 4374 782 4418 eos
797 4357 948 4429 quicquam
963 4352 1009 4413 vel
1030 4347 1105 4430 lucri
1124 4348 1169 4407 vel
1189 4363 1265 4408 cmo-
