2966 4900
767 293 839 359 242*

303 473 375 534 Risu
389 491 447 534 non
462 475 609 550 indignum
625 471 712 549 duco,
733 475 811 548 quod
825 473 1009 536 Anastasiola
1022 473 1083 536 tilia
1098 473 1270 550 sigismundi
1282 475 1366 550 hospi-

212 580 250 638 tis
265 580 366 655 nostri,
383 582 429 640 cni
444 580 481 640 ab
495 595 586 640 uxore
601 584 701 641 nostra
715 580 747 640 id
761 581 883 640 nominis
898 581 937 641 ad
949 581 1130 656 baptismatis
1143 579 1237 641 sontes
1251 580 1368 654 inditum
1442 605 1443 650 ι

211 685 325 745 viderat
344 693 457 760 patrem
476 687 629 747 sollicitum
652 685 688 744 de
712 701 746 744 re
773 685 912 746 mhnaria
940 690 970 745 et
989 685 1143 746 dicentem:
1166 686 1284 746 Utinam
1304 701 1371 746 nunc

211 788 305 850 lerina
320 791 402 851 nobis
418 796 507 867 esset,
532 797 564 851 ut
583 795 680 852 tantos
700 790 830 850 dominos
853 797 883 851 et
897 791 1003 851 amieos
1025 807 1079 866 pro
1095 791 1237 865 dignitate
1252 790 1372 866 excipere

211 897 338 968 possem!
367 893 457 958 filiola
478 896 569 970 patris
592 896 813 956 sollicitudinem
834 895 1019 957 considerans
1041 897 1094 956 eit:
1119 896 1203 972 Quid,
1220 897 1259 954 mi
1279 893 1372 972 pater?

211 1017 263 1060 cur
278 1007 322 1060 est
343 1001 421 1073 quod
440 1003 482 1060 ita
501 1000 538 1060 dc
556 999 651 1062 lerina
671 1006 789 1076 astons,
822 1017 886 1062 cum
906 1002 975 1061 mihi
996 1003 1120 1076 supersit
1140 1018 1243 1062 saurus
1265 999 1372 1060 noster?

211 1107 266 1165 Vel
284 1105 360 1164 hunc
380 1103 488 1164 confice
509 1110 539 1164 et
557 1122 630 1180 para
650 1106 800 1166 obsonium
822 1108 854 1166 in
876 1107 1030 1167 adventum
1050 1107 1234 1182 susceptricis
1247 1119 1317 1166 maae
1330 1104 1374 1164 dc

210 1209 296 1268 minae
306 1210 477 1270 Anastasia.
501 1211 590 1271 Pater
604 1211 745 1287 arridens,
760 1211 855 1271 Probe
866 1227 975 1287 mones,
991 1209 1157 1272 charissima
1164 1209 1265 1286 filiola,
1281 1211 1373 1284 inquit,

212 1331 328 1375 sauram
340 1321 422 1376 tuum
437 1317 467 1375 in
482 1316 561 1376 aliud
576 1321 688 1391 tempus
703 1317 889 1377 servabimus.
1281 1357 1285 1364 -

299 1423 348 1481 xix
363 1422 435 1481 Jnlii
455 1422 561 1481 littera
580 1422 804 1481 renunciationis
829 1424 860 1481 in
878 1420 1019 1482 Arnstedt
1037 1419 1170 1497 sigillmae
1191 1427 1271 1481 sunt.
1307 1418 1375 1478 Nam

211 1527 340 1588 Lazarus
362 1526 508 1588 aurifaber
529 1544 565 1588 ex
588 1543 646 1587 aere
666 1528 748 1587 nobis
767 1528 873 1588 ibidem
892 1527 1016 1602 sigillum
1038 1527 1237 1603 exculpserat,
1261 1525 1306 1584 cui
1326 1538 1374 1598 pro

211 1649 301 1707 opera
323 1649 377 1692 sua
395 1631 534 1693 florenum
555 1649 685 1708 aureum,
716 1649 783 1694 nam
802 1635 843 1694 sie
862 1634 938 1694 inter
958 1648 1010 1694 nos
1036 1638 1208 1694 conventum
1228 1635 1304 1705 erat,
1331 1627 1375 1687 de
1444 1701 1445 1722 ἶ

95 1809 102 1825 ⁸
212 1738 316 1797 dimus.

217 1855 219 1864 ⁴
300 1843 411 1902 Eadem
433 1843 463 1900 in
483 1845 588 1917 templo
607 1844 748 1906 Bonifaoii
767 1845 930 1904 concionem
955 1860 1067 1906 sacram
1088 1844 1249 1906 audivimus
1271 1857 1307 1901 ex
1321 1839 1375 1915 cpi·

212 1949 286 2008 stola
301 1949 340 2008 ad
354 1945 481 2006 Galatas.
504 1950 585 2007 Inter
599 1955 697 2011 cetera
710 1951 888 2010 ecclesiastes
903 1951 1054 2024 propalam
1068 1950 1104 2009 de
1118 1947 1223 2008 fraude
1240 1946 1374 2008 Caroliiu

211 2055 353 2114 Joannem
367 2053 545 2112 Fridericum
560 2055 727 2130 electorem,
752 2059 781 2114 et
801 2055 871 2129 quid
891 2057 1023 2131 papistici
1037 2071 1171 2130 proceres
1186 2053 1372 2123 simulassent

213 2163 243 2217 et
257 2159 326 2233 quid
340 2175 417 2218 nunc
431 2159 468 2218 ab
484 2158 613 2219 omnibus
628 2176 715 2234 agere
731 2160 904 2236 viderentur,
919 2160 1118 2234 proclamauit.

299 2263 453 2324 Redditum
469 2270 513 2324 cst
526 2263 610 2324 nobis
625 2269 654 2324 et
668 2266 767 2325 eadem
793 2265 1027 2342 chirographum,
1053 2263 1132 2340 qnod
1146 2263 1272 2325 dominae
1287 2259 1374 2322 socrui

211 2385 298 2444 super
312 2367 390 2430 mille
403 2367 529 2430 florenos
544 2370 665 2430 antehac
680 2371 861 2432 dederamus.

299 2475 427 2534 Emimus
442 2476 547 2537 ibidem
561 2477 667 2550 pileola
680 2477 801 2550 pellicea
817 2476 913 2538 duoin
924 2493 1007 2539 usum
1017 2477 1252 2538 concionatorum
1266 2477 1374 2536 nostro·

212 2597 276 2639 rum
290 2582 320 2639 in
337 2581 467 2642 Corbach
481 2589 510 2642 et
526 2581 671 2642 chumadi
687 2579 763 2641 Occi.

297 2684 423 2745 Domina
437 2703 537 2746 socrus
557 2685 700 2748 nobilibus
715 2690 807 2748 naabi
828 2685 961 2748 famulitii
980 2688 1100 2762 singulis
1114 2685 1260 2746 indusium
1273 2685 1375 2747 linem

212 2792 369 2852 collotenus
392 2797 455 2853 arte
478 2793 601 2869 phrygia
622 2792 765 2868 depictum
787 2798 817 2853 et
837 2794 957 2868 siugulis
980 2793 1069 2852 seruis
1092 2807 1237 2852 nummum
1261 2801 1375 2850 aureum

210 2896 291 2955 dono·
300 2897 389 2957 dedit.

298 2999 408 3059 Eadem
422 3001 452 3058 in
467 3000 608 3063 Arnstadt
627 3005 658 3062 in
680 3003 811 3064 coenobio
834 3001 976 3076 quondam
996 3002 1146 3062 restabam
1161 3000 1198 3060 ad
1213 3016 1236 3058 s.
1251 2997 1374 3058 Mariam

210 3102 317 3162 dictum
331 3104 510 3164 introeuntes
524 3107 662 3182 templum
685 3107 723 3168 ad
741 3109 843 3167 laevam
865 3108 946 3169 chori
960 3107 1080 3167 vidimus
1095 3123 1195 3167 saxum
1209 3104 1247 3166 ad
1261 3117 1374 3164 murum

211 3214 350 3281 erectum,
372 3225 388 3268 c
406 3211 524 3284 regione
539 3212 678 3286 sepulcri,
701 3214 732 3271 in
751 3230 808 3288 qna
828 3229 921 3273 comes
935 3213 1077 3292 Hemicna
1092 3211 1325 3285 cataphractatus
1340 3205 1374 3266 ad

210 3315 305 3374 vivum
320 3316 430 3374 excisus
445 3321 503 3390 est,
524 3331 542 3374 a
562 3314 658 3376 fronte
677 3315 787 3378 habens
808 3319 933 3393 insignia
947 3318 1092 3379 Ghvcnsia
1112 3322 1142 3378 et
1155 3315 1315 3389 Honstein,
1338 3311 1374 3372 ad

209 3420 297 3495 pedes
311 3422 437 3496 galeam,
459 3426 573 3496 atergo
587 3421 711 3496 insignia
727 3423 944 3498 Schwartzburg
959 3427 989 3482 et
1003 3420 1170 3493 Manslaldt‚
1196 3417 1373 3482 frontetanus

211 3526 292 3597 qnasi
306 3526 337 3584 in
350 3525 457 3586 tabella
471 3527 608 3599 scriptum
621 3527 688 3588 hoc:
711 3525 789 3588 Obiit
807 3529 900 3587 aetatis
916 3545 975 3587 suae
990 3527 1216 3600 quadragesimo,
1240 3525 1286 3583 sui
1300 3521 1372 3595 regi·

211 3630 295 3686 minis
309 3630 436 3703 septimo.
475 3632 510 3690 In
524 3633 722 3708 quadrangulo
745 3632 872 3706 ejusdem
891 3635 954 3692 saxi
966 3633 1030 3691 haec
1048 3632 1204 3692 habentur:
1227 3629 1282 3689 Am
1298 3629 1373 3700 Tage

212 3731 330 3791 Henrici
355 3735 430 3794 deun
455 3735 592 3797 zuelfftcn
617 3737 688 3798 Julii
711 3737 796 3796 Anno
823 3739 907 3798 1538
929 3739 969 3796 ist
990 3737 1034 3796 Er
1059 3735 1198 3796 Heinrich
1222 3732 1318 3794 (irase
1338 3747 1373 3790 zu

211 3835 450 3913 Schwartzburgh
468 3842 521 3900 her
541 3861 576 3902 nu
591 3843 731 3904 Arnstadt
749 3843 826 3904 vnnd
842 3841 1094 3903 Sunderszhausen
1112 3843 1143 3900 in
1163 3839 1234 3900 Gna
1247 3835 1372 3914 seliglich

208 3941 402 4018 uerscbeiden,
417 3944 482 4005 dem
496 3946 566 4007 Gott
579 3947 698 4021 genade.
723 3948 800 4008 Obiit
814 3953 909 4007 autem
923 3948 954 4005 in
969 3951 1064 4006 castro
1078 3945 1227 4006 Arnstadt.
1258 3945 1370 4019 Regna·

207 4047 250 4106 vit
275 4047 416 4108 Hemions
444 4051 518 4110 alter
546 4065 622 4109 anno
653 4049 759 4108 dourini
790 4053 883 4110 1488.
931 4051 1015 4111 Anno
1046 4049 1154 4110 domini
1190 4048 1272 4110 1451
1303 4047 1371 4109 obiit

207 4149 371 4212 Guntherus
393 4155 511 4228 primus.
556 4153 642 4213 Anno
665 4153 771 4213 domini
797 4156 881 4216 1530
905 4157 976 4217 obiit
998 4153 1163 4214 Guntberus
1184 4169 1254 4216 arus
1275 4151 1371 4214 moris

206 4259 313 4315 nostrae
328 4257 499 4317 Anastasia.

295 4361 349 4420 Est
364 4368 393 4420 et
406 4362 612 4437 sarcophagum
632 4363 738 4426 ibidem
751 4379 793 4424 ex
807 4364 903 4440 lapide
916 4367 1022 4428 celato
1038 4362 1169 4429 referens
1184 4379 1307 4443 corpora
1319 4375 1372 4439 ilii
