2940 4900
723 273 788 338 104

167 457 279 516 initiam
295 455 396 534 capitis
419 458 457 516 1³
479 455 609 530 ejusdem
630 455 759 528 epistole
779 453 900 516 seilicet:
924 454 1022 514 Omnis
1042 455 1150 514 anima
1169 453 1354 528 potestatibus

168 561 364 634 superioribus
379 561 418 620 sit
432 561 556 621 subdita.
591 559 677 620 <Non
691 563 736 618 est
751 559 825 618 enim
841 563 979 634 potestas,
995 560 1053 618 uisi
1069 577 1091 619 a
1107 559 1188 633 Deo,
1214 573 1355 632 quesere
1452 607 1454 612 .

168 669 235 725 sunt
249 670 415 741 potestates,
430 666 521 726 aDeo
537 665 677 725 ordinate
693 669 779 724 sunt«
795 667 850 722 etc.
874 663 931 723 Hic
944 666 1037 739 primo
1053 681 1152 738 quam
1166 665 1229 724 late
1244 679 1276 722 sc
1289 679 1356 736 prae-

168 776 281 845 ceptum
301 770 373 830 illud
394 769 544 844 extendat,
568 775 597 829 et
617 784 704 842 quarn
728 783 811 826 nemo
832 768 880 826 hic
904 771 1082 850 excipiatur,
1116 771 1185 830 sive
1209 768 1357 843 propheta,
1457 820 1458 823 ,

168 876 229 936 siva
251 876 411 950 episcopus,
434 876 495 934 sive
514 873 700 949 Evangelista
720 877 787 948 etc,
811 862 943 934 imo'uec
961 875 1101 935 sacerdos
1125 890 1186 934 nec
1206 871 1358 932 monachus

168 997 205 1038 ex
219 979 247 1039 d.
264 979 467 1052 Chrysostomo
483 984 512 1038 ct
527 980 591 1038 aliis
606 978 732 1038 classicis
752 995 841 1038 sacrae
862 978 1015 1053 theologie
1035 980 1218 1040 doctoribus
1239 975 1359 1036 edocuit.
1459 1001 1460 1004 ι

169 1085 321 1156 Itemque
336 1099 423 1142 censa
438 1083 633 1156 apostolorum
647 1080 686 1141 ad
700 1084 762 1142 haec
776 1091 834 1144 tam
855 1084 931 1142 serio
951 1084 1064 1158 agenda
1084 1083 1243 1158 adegerit.
1276 1079 1360 1140 Nimi-

169 1204 232 1246 rum
255 1186 332 1261 quod
353 1189 446 1248 exorti
468 1193 577 1263 essent,
601 1189 650 1263 qni
669 1187 826 1247 christiana
846 1189 981 1248 libertate
1004 1188 1041 1248 ad
1063 1189 1246 1249 libertatem
1270 1184 1360 1244 caruis

169 1293 249 1354 abuti
264 1293 450 1354 conabantur.
481 1293 597 1353 Diserte
612 1297 641 1352 et
654 1287 714 1366 hic,
728 1309 793 1367 quse
808 1309 879 1354 vera
893 1293 930 1352 sit
945 1292 1102 1354 christiana
1119 1292 1255 1352 libertas
1271 1295 1361 1348 osten·
1460 1311 1461 1334 ι

169 1399 222 1473 dit,
246 1399 354 1460 scilicet
372 1415 425 1458 uos
445 1398 607 1484 meminisse
626 1413 679 1471 per
699 1395 845 1456 Christum
865 1399 903 1458 ab
922 1399 1070 1458 elementis
1089 1397 1202 1458 mundi
1226 1395 1323 1470 hujus,
1344 1409 1360 1450 a
1460 1415 1461 1452 ι

172 1503 313 1578 Sathena,
336 1501 442 1562 mundo
465 1507 495 1561 et
515 1499 615 1561 inieris
637 1500 790 1575 liberatos,
820 1507 850 1562 et
872 1502 948 1577 quod
972 1504 1003 1561 in
1026 1503 1149 1564 Christo
1174 1496 1361 1562 manentibus
1460 1533 1461 1540 .

171 1612 290 1683 peccata
311 1608 442 1667 nocitura
461 1624 519 1666 nou
539 1607 606 1680 sint,
630 1621 664 1664 ac
686 1621 855 1681 agnoscere,
879 1623 932 1666 nos
952 1607 1060 1668 habere
1081 1608 1244 1668 Christum
1265 1618 1359 1677 regem

170 1711 365 1785 liberatorem,
389 1717 418 1770 et
437 1710 559 1770 eundem
580 1725 642 1770 csse
662 1711 807 1771 dominnm
828 1711 1002 1787 coelestium,
1026 1714 1218 1774 terrestrium
1241 1715 1272 1770 et
1291 1705 1359 1766 inie-
1460 1731 1461 1766 ι

102 1861 103 1866 η
171 1832 278 1888 rorum,
302 1814 450 1875 sedentem
466 1815 504 1874 ad
518 1816 667 1876 dexteram
681 1817 782 1891 patris.
812 1817 896 1876 Hanc
911 1823 1007 1877 autem
1027 1834 1090 1878 esse
1109 1818 1288 1877 libertatem
1305 1811 1357 1884 api·
1460 1834 1461 1871 ι

171 1921 258 1994 ritus,
282 1923 312 1978 et
333 1919 421 1993 igitur
443 1921 564 1980 maxime
587 1920 624 1981 ob
648 1919 792 1980 Christum
814 1923 861 1981 vel
883 1923 961 1995 quod
985 1923 1142 1984 Christim
1167 1935 1288 1992 sumus,
1312 1932 1356 1974 su·

171 2025 333 2101 potioribus
353 2041 406 2084 nos
426 2023 543 2086 obedire
563 2025 667 2086 debere
689 2032 743 2115 etc.
774 2027 901 2086 Locutus
924 2033 968 2086 est
989 2033 1018 2087 et
1037 2027 1073 2088 da
1087 2029 1133 2103 iis,
1159 2028 1216 2102 qui
1232 2041 1266 2084 se
1281 2024 1355 2096 ipsos
1459 2043 1461 2080 ι

171 2133 308 2190 ἰιιιιιιιιιιοι
327 2144 345 2187 a
363 2129 489 2203 jussibus
509 2131 671 2190 sublimium
693 2137 869 2206 potestatum
889 2131 1033 2208 fecerunt,
1057 2133 1168 2193 scilicet
1188 2147 1273 2206 papa
1295 2141 1356 2186 cum
1459 2179 1460 2186 ,

172 2234 387 2309 suisepiscopis
403 2240 432 2294 et
446 2236 581 2311 quicquid
596 2252 779 2310 squamarum
794 2240 839 2296 est
857 2238 943 2312 huius
963 2240 1102 2312 purpurei
1121 2237 1275 2309 haconis,
1299 2245 1354 2290 ma·
1460 2255 1461 2276 ι

172 2357 229 2414 gno
243 2337 407 2413 reipublicae
423 2330 586 2400 christiana
606 2341 748 2402 scandalo.
779 2343 820 2401 Et
838 2347 983 2416 postremo
1004 2349 1145 2416 quamuus
1166 2334 1355 2418 magistratui

172 2445 210 2503 sit
229 2444 427 2505 obediendum.
458 2447 493 2504 ln
507 2447 637 2508 omnibus
652 2447 786 2507 videlicet
801 2447 841 2507 eis
857 2462 919 2506 esse
934 2446 1129 2538 praestandam
1143 2443 1351 2510 obedientiam,
1455 2517 1456 2520 Ἴ

172 2554 279 2624 praeter
293 2551 324 2609 iu
337 2538 391 2624 his,
415 2567 480 2624 que
495 2557 595 2612 contra
608 2553 746 2612 honorem
765 2549 872 2612 Christi
891 2552 1069 2626 precipiunt,
1093 2553 1235 2626 idipsum
1257 2544 1352 2608 multis
1453 2613 1454 2616 Ἴ

172 2654 379 2731 scripturarum
393 2657 563 2716 testimoniis
584 2655 763 2735 mnfirmuns.
794 2655 900 2716 Docuit
920 2662 949 2716 ct
968 2659 1099 2731 quisnam
1119 2657 1165 2730 sit,
1191 2656 1245 2731 qni
1265 2647 1373 2712 hebet
1455 2729 1456 2744 ἦ

172 2759 330 2820 transferre
351 2776 442 2834 regna
461 2767 491 2821 et
509 2761 624 2840 auterre
644 2763 762 2838 spiritns
782 2759 957 2836 principum3
981 2763 1049 2821 item
1069 2767 1102 2821 ut
1116 2777 1181 2836 qnae
1202 2760 1264 2822 Dei
1278 2758 1348 2824 Deo,
1453 2785 1455 2822 ς

173 2882 237 2939 quae
265 2866 380 2925 caesaris
406 2866 508 2924 caesari
535 2866 668 2925 dmemus
691 2868 775 2941 juxta
801 2866 999 2941 praescriptum
1022 2867 1129 2926 domini
1156 2864 1253 2928 nostri
1280 2862 1349 2924 Jesu

173 2969 293 3044 Christi,
318 2970 364 3026 cui
384 2975 545 3044 compatre
561 2974 590 3028 et
605 2987 628 3029 s.
644 2972 749 3045 spiritu
765 2973 856 3030 omnis
872 2973 910 3031 sit
924 2970 1015 3031 honos
1031 2974 1061 3030 et
1074 2971 1175 3045 gloria.

259 3073 287 3131 A
302 3073 438 3133 concione
451 3073 563 3132 litteras
578 3071 606 3132 d.
623 3075 788 3134 Melchioris
809 3075 847 3136 ab
863 3076 945 3150 Ossa,
968 3076 997 3134 d.
1019 3077 1156 3136 Udalrioo
1177 3073 1347 3136 Mordeisen

171 3179 287 3255 ipsimet
307 3169 468 3251 detulimus,
491 3183 628 3253 rogantes
648 3184 680 3237 ut
703 3184 732 3239 et
754 3180 870 3239 easdem
892 3182 1003 3241 doctori
1024 3182 1131 3242 Joenui
1151 3174 1345 3250 suombcrglo

170 3283 306 3360 legendas
323 3281 414 3343 deret.
445 3266 598 3342 Udelricns
613 3300 643 3344 se
659 3283 741 3344 nobis
757 3286 912 3346 humanum
927 3286 1068 3358 exhibuit3
1093 3287 1265 3346 contulimus
1284 3293 1344 3341 cum
1457 3309 1459 3348 J

172 3405 207 3450 eo
229 3387 265 3449 de
286 3389 439 3465 nonnullis,
463 3405 498 3450 ea
518 3394 615 3449 minen
636 3390 700 3466 lege
724 3391 879 3452 discessum
901 3398 960 3465 est,
984 3398 1017 3450 ut
1038 3392 1122 3452 ambo
1145 3392 1279 3451 doctores
1299 3383 1343 3444 dio

172 3499 334 3571 opportuno
358 3511 412 3556 uos
435 3497 600 3556 inviserent.
640 3497 705 3556 Hoc
727 3503 823 3558 tamen
847 3498 986 3572 expiscati
1010 3513 1123 3572 sumus,
1147 3497 1260 3556 irritam
1283 3492 1343 3552 sore
1458 3485 1459 3502 ¹

170 3602 404 3664 intercessionem
418 3601 498 3662 duds
513 3602 558 3662 sui
572 3601 712 3678 Mauritii,
723 3647 725 3650 -
737 3603 785 3677 qui
801 3617 902 3662 novem
917 3603 1095 3679 septimanas
1110 3604 1140 3661 in
1159 3602 1280 3682 propria
1293 3611 1342 3657 sua

172 3720 259 3764 cansa
273 3720 442 3777 responsum
457 3708 582 3766 nancisci
603 3725 660 3769 non
680 3709 815 3782 potuerit,
838 3725 906 3768 vere
926 3708 981 3783 ipsi
1000 3686 1038 3767 ‘ut
1056 3707 1112 3767 rite
1131 3707 1269 3768 Mauritio
1289 3700 1342 3764 dici

172 3813 283 3883 posset:
307 3807 428 3883 Medico,
453 3812 481 3870 te
496 3813 588 3884 ipsum
607 3828 687 3871 cura.

261 3911 372 3972 Eadem
394 3927 447 3987 per
475 3912 646 3972 dominicum
672 3921 853 3977 nauseantes
876 3918 1047 3979 Michaelem
1072 3919 1152 3976 illum
1179 3917 1216 3977 de
1244 3911 1341 3978 condr-

172 4019 296 4081 mationc
318 4018 459 4092 papistica
481 4034 534 4078 sua
556 4021 791 4081 sermocinantem
815 4028 844 4081 et
867 4023 1026 4084 andivimus
1050 4028 1080 4082 ct
1102 4023 1235 4082 vidimus.
1275 4015 1340 4080 Rari

171 4131 266 4184 autem
285 4123 432 4185 auditores
452 4123 583 4183 ederant.
621 4123 692 4183 Inde
712 4125 861 4185 Liberium
882 4129 1042 4202 invisimus,
1067 4129 1125 4203 qui,
1148 4127 1213 4187 Deo
1234 4127 1340 4202 gratia

172 4229 272 4290 melius
289 4229 397 4290 habere
412 4229 509 4305 coepit.
872 4223 874 4226 ’

262 4333 382 4394 Fratres
406 4336 509 4410 noemi,
533 4335 721 4397 Wendelinus
749 4341 779 4398 et
802 4338 922 4400 Lindius
945 4356 964 4400 a
985 4338 1266 4400 Volckmericnsibns
1289 4336 1341 4398 illis
