2966 4900
782 301 849 366 228

226 481 335 542 murelo
349 480 463 557 duplex.
501 479 598 542 Habet
612 487 642 542 et
655 477 761 542 fossam
776 487 902 542 castrum
916 482 1154 560 circumdantem,
1178 486 1210 545 in
1223 501 1279 559 qus
1290 498 1372 544 caree

223 589 388 648 teterrimus
403 605 440 648 ex
454 603 526 662 rupe
541 587 651 648 exdeus
666 593 696 646 et
710 593 813 662 putens
828 585 1032 661 profunditatis
1046 588 1239 664 incredibilis,
1259 589 1295 648 ad
1307 590 1373 662 cujus

226 709 307 754 oram
321 710 385 754 cum
400 693 519 755 abietini
534 708 645 754 asseres
659 693 746 766 positi
761 695 864 766 essent,
879 691 1034 753 nastasia
1047 694 1098 752 uui
1111 693 1217 754 horum
1230 693 1375 754 incumbens

226 807 293 861 ante
314 801 461 861 biennium
484 815 548 858 cum
568 798 648 871 putei
669 795 892 872 profunditatem
913 798 1076 858 intueretur
1097 800 1248 874 subsedit,
1269 800 1320 858 uisi
1333 813 1376 870 ope

227 904 324 966 divine
338 909 486 964 asservata
499 901 657 963 interstite
675 907 707 962 ut
722 920 741 963 a
754 903 962 964 Lewensteiuio
976 923 995 966 a
1009 905 1093 965 Rham
1111 923 1202 965 manu
1216 905 1378 982 apprehense

226 1009 430 1082 ottruheretur,
446 1010 476 1066 in
490 1007 639 1068 baratrum
653 1007 709 1068 hoc
722 1009 859 1081 absorpta
871 1007 980 1068 fuisset.
1012 1009 1097 1068 Nunc
1111 1025 1229 1084 quoque
1244 1027 1295 1068 arx
1307 1007 1377 1067 undi-

226 1130 282 1188 que
297 1113 410 1173 ruinam
424 1113 558 1188 minatur,
575 1115 676 1188 saunis,
692 1112 916 1174 nocticoracibus
931 1119 961 1173 et
975 1114 1137 1174 bubonibus
1152 1113 1306 1188 hospitium
1318 1129 1378 1188 pre·

224 1217 282 1280 bet.
322 1217 482 1279 Proventus
502 1235 572 1280 uero
587 1213 807 1279 Rudelstsdinm
827 1219 941 1280 cedunt.
979 1219 1054 1280 Nam
1072 1220 1297 1294 Blanekenburg
1309 1233 1378 1292 aquo

225 1321 286 1384 fere
301 1325 398 1400 spacio
413 1341 431 1384 a
446 1324 683 1400 Schwartzburgo
698 1329 728 1383 et
741 1323 928 1384 Rudelstadio
943 1323 1039 1400 distet,
1054 1325 1164 1386 scilicet
1178 1325 1284 1384 miliari
1297 1339 1355 1382 uno.

315 1431 455 1504 Tempore
471 1429 630 1490 'vindemie
656 1427 809 1504 prefectus
837 1425 1017 1488 Rudelstadii
1038 1430 1069 1488 in
1094 1430 1181 1490 domo
1203 1429 1337 1490 torculuri
1354 1443 1379 1486 se

225 1537 361 1598 continet.
414 1537 517 1596 Fuisse
548 1539 644 1596 sutem
670 1532 788 1608 potenffi
816 1532 939 1592 studium
965 1535 1162 1595 iuratoribus
1187 1535 1332 1596 comitibus
1350 1533 1380 1591 de

224 1641 458 1716 Schwartzbnrg,
484 1646 517 1700 ut
534 1638 597 1701 iere
618 1639 749 1699 omnibus
769 1637 919 1698 Germanis
934 1639 1077 1714 peculiare
1091 1620 1161 1717 fuit,
1188 1647 1220 1702 et
1236 1641 1292 1700 boc
1304 1655 1378 1713 argu·

223 1751 320 1807 mento
335 1747 534 1822 cognovimus,
569 1747 646 1821 quod
659 1746 795 1806 torculari
815 1749 947 1806 truncum
961 1744 1086 1818 ligneum
1099 1747 1143 1806 ita
1159 1751 1333 1820 exaratum,
1353 1749 1380 1802 ut

223 1849 349 1910 humeris
364 1851 486 1910 bominis
501 1853 596 1925 epteri
610 1854 710 1926 possit,
723 1851 795 1925 justi
808 1850 942 1924 ponderis
957 1856 987 1909 et
1001 1866 1038 1908 ex
1052 1857 1155 1912 catena
1170 1851 1270 1914 ferrea
1285 1852 1378 1925 depen-

226 1953 340 2016 dentem
353 1951 483 2014 nidimus.
529 1953 605 2015 Usus
620 1959 716 2016 autem
730 1957 815 2030 hujus
829 1956 923 2014 munci
937 1961 989 2030 est,
1009 1961 1042 2014 ut
1057 1957 1107 2029 qui
1120 1957 1161 2016 ad
1175 1957 1304 2030 aequales
1317 1953 1378 2011 lau·

222 2063 282 2120 stus
302 2057 400 2120 bibere
419 2059 551 2134 voluerit,
574 2059 659 2134 huius
680 2063 754 2122 collo
773 2059 963 2136 appendatur.
1000 2061 1096 2134 Ipsam
1114 2077 1214 2120 arcem
1234 2060 1275 2121 ob
1295 2057 1379 2134 pontis

221 2161 319 2226 uoles
334 2162 411 2226 table
431 2179 564 2226 corrosos
583 2165 693 2226 intrare
707 2182 766 2225 non
779 2166 869 2226 licuit.
905 2164 981 2224 Dum
1002 2166 1090 2239 igitur
1104 2164 1192 2224 situm
1207 2166 1284 2224 arcis
1297 2162 1378 2224 eond-

221 2267 368 2348 deramus,
392 2270 469 2331 venit
483 2269 619 2332 litemus
635 2269 766 2331 Piscator
777 2271 868 2344 judex
881 2272 912 2330 in
925 2269 1130 2345 Blnnlrenburg
1142 2273 1261 2330 nomine
1276 2273 1378 2329 senaim

221 2371 518 2452 Blouclreuburgeusie
532 2391 637 2452 regens
651 2379 685 2435 ιιι
699 2392 763 2434 cum
780 2391 869 2434 uxore
884 2375 984 2436 urbem
998 2374 1109 2450 ingredi
1122 2373 1315 2448 dignaremur,
1330 2385 1378 2446 qno

221 2479 283 2556 dus
299 2485 328 2541 ot
343 2481 434 2541 nostri
453 2481 584 2542 notitiem
602 2479 710 2542 babere
732 2484 762 2540 et
783 2481 850 2540 vino
865 2497 916 2538 nos
931 2480 1074 2541 honorare
1087 2485 1216 2554 possent
1257 2475 1378 2552 Quamuis

222 2599 298 2660 repre
318 2586 559 2660 consenserimus,
587 2591 683 2647 amen
697 2586 800 2646 ciuium
813 2585 1018 2644 humanitatem
1031 2584 1199 2644 incivilitate
1215 2590 1316 2645 nesus
1328 2596 1378 2639 uon

221 2687 398 2751 obruendum
411 2691 469 2752 rati
488 2707 542 2768 per
564 2691 673 2752 declive
691 2691 795 2751 montis
814 2687 1015 2749 descendentes
1029 2689 1119 2763 pedes
1132 2689 1233 2749 urbem
1248 2691 1377 2748 intumus

220 2799 299 2856 ιιιιιιιι
319 2793 433 2858 domum
452 2795 566 2857 siberti
589 2794 744 2857 Piscatoris
765 2793 913 2868 adeuntes,
936 2793 1056 2867 ubijam
1070 2797 1131 2853 tum
1144 2794 1175 2852 in
1188 2795 1285 2854 medio
1299 2790 1377 2850 curis

219 2895 334 2960 subdio
349 2915 454 2962 inuuere
475 2901 577 2976 positu
597 2905 690 2962 mant.
729 2898 860 2960 Sdumte
878 2899 966 2973 igitur
985 2915 1075 2959 uxore
1093 2903 1123 2958 et
1142 2898 1242 2959 liberis
1262 2899 1323 2971 ejus
1335 2895 1377 2952 vir

217 3001 456 3077 attentabimus,
476 3003 546 3078 quin
564 3005 736 3064 secretarius
757 3002 838 3063 urbis
850 3019 915 3062 cum
928 3005 1019 3064 eltero
1034 3003 1181 3064 consulum
1195 3004 1310 3064 adesset
1322 2999 1376 3059 ioli·

219 3119 280 3168 oom
303 3111 432 3168 ιιοιιιιιιιι
452 3107 606 3168 adveutum
629 3105 693 3168 iore
711 3113 875 3182 preeuntes,
900 3109 1086 3184 propinantes
1109 3110 1176 3169 vina
1198 3116 1229 3170 et
1251 3102 1376 3183 quiequid

216 3209 293 3292 apud
307 3211 384 3290 ipsos
398 3211 569 3288 resumpturi
590 3227 729 3288 meumes,
752 3219 896 3289 praterea
917 3219 947 3274 et
960 3229 1014 3274 sun
1027 3211 1122 3275 officie
1135 3213 1309 3274 deferentes.
1329 3209 1374 3269 dl·

217 3315 316 3384 tortos
330 3319 460 3382 Piscator
474 3317 600 3382 cumolos
615 3319 707 3394 pisces
722 3320 840 3394 opipare
854 3323 980 3380 coxerat.
1020 3319 1161 3378 dussimus
1175 3319 1266 3394 igitur
1280 3329 1373 3376 eonsu-

215 3421 271 3488 loru
287 3429 317 3488 ot
330 3443 397 3490 suos
411 3427 536 3490 essedas
555 3423 682 3488 assidem
703 3441 739 3486 ec
759 3426 822 3486 sitis
835 3425 1000 3498 meteone
1021 3430 1163 3486 meterem
1176 3426 1297 3484 invicem
1311 3416 1375 3482 bibi·

215 3545 277 3592 ιιιιιι
293 3537 427 3595 cunctetur
441 3549 460 3596 ιι
475 3533 569 3597 tortio.
607 3531 678 3594 llor
693 3546 807 3606 quoque
820 3531 1016 3606 ludimagister
1036 3534 1066 3590 et
1079 3531 1163 3604 pueri
1177 3531 1307 3601 aderant,
1323 3527 1374 3584 imo

216 3639 245 3694 ot
265 3639 414 3698 suintune
435 3639 559 3716 mouet,
581 3639 690 3700 musica
708 3653 794 3699 eures
817 3639 931 3696 nostrus
954 3633 1154 3696 demulcentes.
1191 3634 1231 3693 Et
1252 3629 1373 3708 profecto

214 3735 310 3798 ιιιιιιιιι
324 3755 420 3800 euersos
436 3741 641 3806 ltumuultatem
655 3743 757 3804 borum
766 3743 880 3814 civium,
896 3741 946 3814 qui
959 3739 1092 3813 umpliori
1101 3739 1173 3799 urbe
1183 3739 1264 3813 digni
1275 3736 1372 3797 essent.

213 3841 298 3906 tout
312 3839 473 3918 etquidem
487 3843 636 3922 Androm,
657 3847 708 3921 uui
727 3847 825 3908 uxoris
845 3845 913 3907 olim
932 3844 1071 3904 nutricius
1092 3841 1187 3903 inerat
1206 3848 1236 3903 et
1254 3844 1373 3916 quaestor

210 3948 331 4012 usn-uetus
346 3947 377 4010 lu
393 3945 619 4024 strumonem.
658 3949 764 4010 Consul
786 3951 915 4011 loannes
938 3949 1022 4010 fluct
1044 3948 1158 4008 dinemo
1172 3947 1254 4008 nobis
1269 3946 1304 4007 de
1318 3943 1372 4004 for-

210 4057 280 4116 ιιιιιιι
295 4055 325 4116 ot
344 4051 405 4118 tltto
425 4051 578 4114 oidtatulee
597 4049 683 4128 bidus
702 4058 733 4114 et
755 4053 833 4129 quod
853 4059 960 4129 preter
978 4053 1142 4114 incendium
1161 4054 1271 4128 mundo
1292 4046 1372 4111 semel

209 4161 296 4234 steno
315 4157 420 4220 lterum
441 4159 553 4234 segetes
568 4159 759 4233 concusserit,
773 4159 883 4220 retulit.
920 4157 1001 4218 ldem
1024 4157 1102 4232 quod
1115 4157 1215 4233 oppidi
1228 4156 1326 4216 incola
1340 4165 1373 4210 ex

208 4259 357 4322 ιιιιιιιιιιιιιι
372 4265 401 4324 ot
415 4275 551 4338 aprorum
565 4259 678 4322 culture
696 4261 840 4336 victitent3
860 4267 959 4324 tamen
977 4268 1011 4322 ut
1024 4267 1128 4322 uetere
1143 4262 1272 4323 ciuutes
1285 4258 1372 4320 nullus

208 4361 335 4428 iubeant
349 4365 395 4430 vel
409 4365 552 4432 ιιιιιιιιιιιιιι
566 4365 613 4432 nel
627 4367 854 4444 uepodadones,
876 4366 1006 4432 nonnulli
1025 4381 1142 4444 quoquo
1156 4383 1255 4434 eorum
1269 4383 1305 4434 ex
1317 4365 1370 4442 pis·
