3028 4894
709 328 756 392 29

141 513 216 570 nisse
232 510 314 571 dixit.
340 507 538 570 comitabatur
554 515 583 569 et
599 508 676 568 lrunc
689 507 826 568 Nicolaos
839 507 938 571 Gallus
957 511 1179 572 Monasteriensi
1198 513 1315 588 praesuli

141 615 310 690 etpedibus,
331 616 492 676 Herbertus
508 633 525 675 a
541 614 674 688 Laudem,
697 615 746 688 qui
761 620 790 674 et
804 633 862 677 uua
883 615 993 678 duobus
1011 618 1056 677 his
1075 616 1220 691 praedietis
1240 617 1314 678 Mal-

141 729 200 781 tam
218 723 352 796 petierat,
369 720 475 780 ibidem
490 722 549 780 rita
564 721 694 780 excessit.

230 827 341 887 Eadem
356 825 448 886 nostri
465 825 611 887 doctorem
625 826 726 886 Hasen
741 826 907 900 consulunt,
929 829 952 886 is
966 828 1049 900 jubet
1064 830 1188 903 priorem
1204 831 1312 905 suppli-

141 934 282 994 cationem
296 934 413 993 iterare.

230 1037 300 1099 (lum
314 1043 426 1112 tempus
442 1039 555 1111 prandii
569 1039 691 1097 instaret
707 1037 789 1098 nobis
804 1037 902 1098 insciis
918 1039 1086 1100 Wilhelmus
1101 1055 1223 1100 comesu
1238 1040 1311 1101 wit

139 1144 284 1218 genstein‚
305 1143 456 1218 Philippus
476 1161 495 1202 a
512 1143 673 1217 Homberg,
694 1134 822 1206 Joanues'
843 1161 937 1206 eomes
956 1163 975 1208 a
994 1148 1155 1232 Rethberg,
1179 1147 1256 1208 Dido
1277 1147 1313 1208 de

139 1249 347 1323 Kniepbausen
367 1255 398 1308 et
419 1251 545 1310 loannes
565 1249 653 1323 Hagk
676 1250 847 1310 secretarius
872 1252 1006 1312 comitum
1028 1269 1046 1312 a
1066 1253 1143 1312 Hoia
1164 1252 1311 1312 nobiseum

139 1354 275 1426 pransuri
289 1355 416 1414 veniunt.
440 1355 490 1414 Fit
503 1357 613 1428 potatio
628 1354 786 1414 liberalior.
1121 1351 1125 1358 ’

227 1459 363 1519 induciae
379 1461 604 1534 quinquennales
619 1461 695 1520 inter
710 1459 925 1534 imperatorem,
949 1459 1144 1520 Romanorum
1159 1476 1256 1535 regem
1279 1466 1322 1526 etp

139 1565 293 1624 Turcieum
309 1581 444 1626 caesarem
459 1571 616 1626 renovatae
632 1565 774 1624 dicamur

227 1671 339 1730 Eadem
353 1676 421 1730 ante
436 1687 530 1730 casam
546 1671 719 1744 bibliopolae
734 1670 797 1747 (qui
810 1653 885 1730 forte
899 1671 1077 1746 papistarum
1088 1673 1211 1746 gratnm
1224 1689 1310 1732 vena·

139 1771 237 1852 batur)
258 1776 380 1836 vidimus
395 1777 493 1835 icones
512 1775 633 1836 Joannis
652 1775 794 1837 Friderici
815 1776 947 1835 electoris
969 1782 997 1835 ct
1018 1777 1104 1836 Tarroi
1130 1779 1312 1853 imperatoris

138 1897 168 1940 se
182 1886 283 1941 mutuo
299 1883 443 1941 intuentes
458 1897 622 1957 suspensas,
639 1880 715 1955 quod
730 1881 867 1955 probrum
882 1882 1001 1958 piissimi
1016 1883 1153 1961 principis
1168 1901 1226 1944 non
1242 1885 1307 1945 abs-

139 2002 196 2060 que
211 1987 300 2046 animi
314 1985 413 2051 dolore
428 1987 567 2061 videntes,
584 1985 682 2048 ambas
698 2003 747 2048 eas
763 1986 846 2049 nobis
863 1989 990 2048 emimus.

226 2092 373 2166 Propitius
389 2097 451 2152 esto
466 2092 578 2154 domine
593 2099 710 2166 peccato
727 2099 838 2168 nostro,
863 2095 983 2154 multum
1003 2100 1048 2154 est
1068 2097 1156 2170 euim,
1180 2094 1217 2156 da
1236 2096 1310 2155 eari-

138 2201 229 2257 tutem
243 2214 301 2259 non
315 2197 474 2273 fictam-da
489 2199 583 2258 odisse
599 2199 704 2258 malum
720 2205 749 2258 et
763 2199 922 2260 adhaerere
936 2200 1021 2260 bono.

229 2305 309 2377 xxiiij
325 2304 434 2378 Aprilis
449 2305 487 2364 ad
501 2304 538 2363 D.
555 2304 723 2366 Mauritinm
739 2305 854 2378 quidem
869 2305 968 2363 concio
983 2302 1084 2378 fiebat,
1101 2309 1133 2362 at
1147 2304 1183 2363 ob
1199 2303 1311 2364 Liborii

139 2409 353 2484 aegritudinem,
372 2411 421 2482 qui
436 2411 539 2469 misere
556 2410 665 2468 calculo
675 2411 866 2483 cruciabatur,
883 2426 928 2469 me
938 2425 1002 2468 eum
1013 2409 1185 2469 Wendeliuo
1195 2409 1307 2468 otMel-

139 2515 238 2601 chione
252 2514 357 2575 Lindio
374 2516 556 2576 sollicitatum
576 2517 619 2576 ire
641 2516 839 2577 conveniebat.
871 2514 969 2573 Primo
989 2515 1076 2588 igitur
1098 2512 1175 2571 aedes
1195 2513 1310 2572 Domini

139 2620 228 2693 Viglii
243 2620 380 2680 Zuicheni
395 2627 542 2696 petentes,
566 2637 631 2680 eum
646 2622 737 2681 solum
751 2619 926 2693 reperimus,
951 2619 1000 2691 qui
1016 2622 1168 2692 postquam
1183 2633 1310 2692 prasen-

139 2726 210 2784 tiam
224 2731 353 2786 nostram
369 2731 542 2801 compertam
557 2727 665 2800 habuit,
684 2725 797 2786 obviam
812 2724 893 2784 nobis
910 2739 1040 2798 egressus
1055 2740 1107 2782 nos
1123 2724 1200 2782 iutra
1214 2723 1310 2782 hiber·

139 2831 272 2890 naculum
288 2848 370 2890 snum
386 2831 475 2890 duxit.
507 2833 550 2892 Ibi
565 2831 753 2892 Wendelinus
768 2828 895 2888 breviter
909 2828 1022 2888 solitam
1041 2827 1209 2903 petitionem
1229 2844 1311 2903 repo·

139 2936 199 3009 tiit,
221 2951 267 2994 me
288 2953 403 3011 quoque
422 2944 575 3011 eapropter
596 2941 625 2996 et
644 2937 699 2995 mei
719 2940 749 2995 et
768 2933 891 2995 fratrum
906 2935 1021 2996 nomine
1035 2935 1137 2995 adesse
1153 2933 1233 2994 dixit.
1264 2933 1311 2993 Ad

140 3040 203 3098 baee
217 3041 333 3115 Viglius·
345 3041 506 3115 respondit,
524 3043 548 3100 si
564 3043 687 3115 nosipsi
702 3043 748 3102 vel
764 3041 854 3100 nostri
870 3040 1017 3101 consilium
1032 3042 1121 3116 ipsius
1136 3031 1226 3102 secuti
1239 3040 1309 3100 iuis·

140 3149 219 3220 sent,
239 3147 382 3220 nogotium
398 3149 452 3207 hoo
466 3147 511 3206 rel
527 3152 594 3206 ante
609 3163 719 3207 menses
736 3147 860 3220 quinque
876 3146 914 3207 ad
928 3144 1012 3206 tinem
1033 3146 1152 3220 produci
1172 3147 1309 3220 potuisse,

140 3257 294 3323 antequam
309 3267 396 3311 cansa
412 3250 590 3312 Coloniensis
612 3251 668 3310 buc
689 3251 824 3312 devoluta
844 3253 890 3312 sit.
921 3253 993 3312 Item
1014 3253 1113 3312 retulit
1131 3252 1214 3312 nobis
1234 3251 1309 3311 Her-

140 3373 274 3416 mannum
290 3375 308 3416 a
323 3357 474 3432 Molspurg
490 3357 603 3418 disertis
619 3357 714 3416 verbis
729 3357 844 3431 dixisse,
861 3358 885 3415 si
902 3355 1084 3416 colonienses
1100 3361 1213 3416 eentum
1229 3356 1308 3428 equi·

140 3469 184 3522 tes
199 3463 411 3523 Volokmarinm
426 3459 581 3537 mitterent,
599 3462 747 3523 (latiorum
761 3464 894 3536 princeps
911 3461 1046 3520 ducentos
1061 3459 1099 3518 ad
1113 3460 1158 3519 his
1171 3461 1309 3518 resisten-

141 3567 208 3626 dum
223 3569 371 3643 missurus,
388 3573 474 3641 atque
489 3567 533 3626 his
548 3568 643 3628 verbis
655 3583 811 3630 caesaream
827 3555 1008 3638 majestatem
1023 3566 1144 3624 maxime
1157 3565 1309 3638 irritatam,

139 3679 240 3748 utpote
257 3673 306 3747 qui
322 3673 449 3748 dixisset,
466 3675 488 3732 si
505 3675 614 3734 Hessos
630 3673 776 3746 ducentos,
794 3687 848 3746 ego
863 3676 1006 3730 trecenos
1021 3670 1141 3729 mittam.
1170 3671 1243 3729 Item
1258 3668 1309 3728 ab·

140 3778 337 3838 solutionema
352 3779 551 3838 commissoriis
566 3777 671 3839 factam
686 3777 799 3852 quidem
816 3793 874 3837 non
889 3776 1014 3850 negarit.
1039 3775 1097 3836 Sed
1113 3775 1247 3850 quoniam
1262 3791 1309 3835 co-

140 3884 222 3942 mites
237 3883 460 3944 Waldeceenses
476 3899 506 3942 se
521 3899 574 3959 pro
590 3883 724 3957 subditis,
741 3884 795 3942 etsi
809 3882 912 3942 vasalli
927 3881 1074 3942 Gattorum
1089 3889 1199 3958 essent,
1223 3899 1309 3958 repu-

139 3992 250 4062 tarent,
267 3988 298 4049 id
313 3990 405 4062 ipsum
419 3989 465 4048 hic
480 3991 510 4048 in
526 3988 718 4064 disputatione
733 4005 804 4048 esse.
833 3988 952 4050 addens
967 3996 1109 4065 praeterea
1120 3989 1311 4051 conditionem

139 4093 312 4156 absolutioni
327 4094 491 4170 adjunctam
507 4111 583 4168 esse,
600 4111 662 4154 eam
677 4095 799 4169 seilicet,
815 4094 1013 4155 Reinbardum
1028 4097 1159 4155 comitem
1175 4099 1204 4153 et
1218 4093 1307 4153 ioan·

140 4215 205 4258 nem
220 4197 375 4274 Georgium
387 4199 517 4260 Sohaden
532 4199 776 4272 oblittelbibraoh
791 4200 907 4272 quidem
923 4199 1126 4278 Waldeccanos
1141 4197 1309 4272 absolvisse,

141 4319 239 4364 rerum
255 4321 290 4364 ea
303 4305 381 4379 lege,
402 4311 435 4364 ut
449 4321 583 4364 caesareae
598 4305 742 4378 majestati
756 4320 788 4363 se
808 4304 975 4365 obedientes
994 4304 1131 4364 sisterent
1149 4307 1180 4360 et
1199 4301 1240 4363 de
1256 4303 1310 4361 bac

140 4424 172 4469 re
186 4410 277 4485 ipsius
292 4410 460 4472 clementiae
476 4410 581 4472 clarius
596 4425 766 4487 responsum
779 4408 949 4484 reciperent.
973 4407 1048 4469 Tum
1056 4407 1222 4482 Wolradus,
1238 4406 1310 4467 Pro-
