3000 4904
774 311 850 381 '220

232 497 333 574 psalmi
351 499 411 558 119
428 497 568 574 exposuit,
585 497 665 572 cuius
680 495 805 558 initiam:
819 496 889 556 Feci
902 494 1041 570 judicium
1056 502 1086 557 et
1095 497 1246 571 justitiam,
1260 511 1295 554 nc
1308 496 1381 570 igitur

229 603 327 665 tradas
341 618 386 663 mc
409 602 625 677 oppressoribus
647 604 728 662 meis.
765 602 863 662 Primo
881 603 999 677 repetiit
1019 619 1083 676 quse
1105 603 1168 662 beri
1191 617 1246 675 pro
1266 601 1382 660 concione

229 709 307 769 dicta
321 714 412 768 erant.
436 707 548 769 Deinde
562 710 612 784 ait,
628 708 704 768 bunc
718 723 835 782 scopum
849 708 934 781 baius
946 709 1087 768 octonarii
1102 723 1174 780 esse,
1194 706 1272 780 quod
1285 708 1321 764 sit
1332 721 1383 764 ora-

228 814 270 874 tio
286 813 413 872 ecclenae
428 814 599 874 universalis
614 820 644 874 ot
658 814 881 886 uniuscnjusque
895 811 988 872 fidelis
995 859 1010 888 ,
1024 817 1054 872 et
1069 813 1159 886 quod,
1176 829 1243 871 cum
1259 826 1293 870 ex
1305 812 1383 870 animo

229 918 339 979 servari
355 916 495 992 judicium
516 924 545 978 et
561 920 702 992 justitiam
728 918 824 992 cupiat
845 916 1002 993 iaciatque,
1026 915 1161 978 olfaciat
1189 931 1303 990 quoque
1317 915 1385 988 iuxta

230 1024 337 1085 dunum
352 1023 399 1083 dei
412 1022 455 1082 illi
470 1022 581 1097 clatum,
605 1025 690 1084 deum
704 1026 831 1098 invocet,
855 1029 888 1083 ut
901 1021 1038 1083 defendat
1053 1025 1082 1082 et
1097 1025 1234 1097 protegat
1249 1020 1285 1079 ab
1299 1019 1384 1078 cdrer·

229 1128 312 1188 suriis
327 1133 382 1188 cto.
409 1128 449 1188 Et
462 1127 537 1188 hanc
551 1129 724 1202 orationem,
740 1129 846 1202 inquit,
863 1129 888 1186 si
902 1144 1029 1202 unquam
1044 1128 1238 1186 necessariam
1252 1123 1336 1183 fuisse
1348 1138 1384 1182 ar·

228 1232 382 1308 bitremur,
406 1231 534 1306 proiecto
554 1250 631 1293 nunc
649 1235 751 1294 orandi
770 1237 882 1307 tempus
902 1238 959 1308 est,
982 1248 1046 1291 cum
1065 1233 1185 1292 verbum
1208 1231 1256 1291 dei
1275 1227 1386 1302 quotidie

228 1337 387 1397 adulterari
401 1338 529 1398 videmus
544 1346 574 1399 et
587 1341 704 1414 tyranni
716 1332 869 1413 exurgunt,
886 1340 935 1412 qui
949 1338 1109 1398 doctrinam
1117 1335 1252 1398 veritatis
1267 1349 1323 1392 una
1335 1346 1386 1390 cum

229 1443 420 1504 assertoribus
434 1444 496 1518 ejus
509 1459 525 1503 e
536 1445 631 1504 medio
640 1443 782 1505 sublatam
792 1445 902 1504 volunt.
925 1445 944 1519 ,J
945 1445 1017 1504 ussit
1030 1459 1142 1516 quoque
1156 1441 1313 1514 observari,
1324 1437 1387 1511 quod

228 1564 301 1622 pene
316 1549 415 1610 eadem
430 1565 493 1608 sors
508 1555 559 1609 aut
569 1546 686 1610 fortuna
698 1550 825 1609 ecclesiae
838 1555 868 1609 et
879 1551 992 1624 piorum
1003 1549 1129 1611 omnium
1141 1553 1304 1620 temporum
1315 1541 1386 1602 luerit

228 1652 302 1713 odeo
317 1658 350 1711 ut
364 1651 409 1712 vel
417 1652 557 1714 Davidem
570 1654 633 1714 haec
646 1655 692 1714 vel
707 1659 805 1715 nostro
817 1655 871 1714 boc
883 1655 1131 1730 perturbatissimo
1144 1653 1241 1712 seculo
1255 1650 1387 1723 scripsisse

228 1757 321 1818 videri
342 1761 459 1832 poterit.
497 1759 603 1820 Docuit
617 1763 647 1820 et
665 1760 748 1834 scite,
771 1759 842 1834 qnid
860 1759 908 1819 bic
925 1760 1039 1833 justitia
1058 1759 1211 1818 diceretur.
1252 1755 1385 1824 Nimirum,

228 1864 330 1938 inquit,
346 1865 479 1922 meritum
487 1863 593 1924 Christi
605 1866 749 1940 respicere
763 1871 792 1926 et
804 1865 847 1924 illi
858 1864 947 1925 fidere
960 1869 990 1925 et
1001 1863 1160 1938 edisserere,
1176 1878 1238 1922 una
1251 1866 1281 1920 et
1294 1872 1387 1918 summa

229 1972 274 2027 est
283 1969 406 2042 iustitia,
423 1965 459 2027 de
474 1985 530 2046 qua
540 1969 635 2030 David
650 1976 679 2030 et
694 1971 783 2030 ceteri
797 1972 946 2045 propbetas
960 1965 1125 2045 loquuntur,
1141 1969 1197 2028 buc
1212 1968 1287 2028 euin
1299 1961 1386 2040 justii-

228 2088 339 2146 camur,
362 2089 420 2133 uon
435 2074 500 2149 illa,
521 2089 585 2148 quac
599 2073 668 2135 fidei
682 2093 767 2137 serva
781 2084 839 2152 est,
864 2094 921 2150 qua
935 2077 1010 2136 bona
1025 2091 1113 2151 opera
1128 2089 1301 2149 operamur..
1326 2072 1387 2129 Item

229 2177 344 2238 dicebat
362 2179 412 2252 qui
432 2185 528 2239 essent
546 2179 576 2239 bi
595 2182 702 2256 turgidi
721 2188 752 2242 ct
770 2184 900 2257 superbi,
924 2188 1025 2242 contra
1044 2196 1165 2254 quorum
1183 2180 1244 2240 uim
1262 2176 1386 2251 propbeta

228 2283 275 2343 bic
290 2289 363 2344 oret.
401 2285 557 2361 Videlicet,
572 2288 679 2362 inquit,
694 2290 812 2362 tyranni
826 2288 882 2361 illi,
899 2289 948 2362 qui
963 2287 1202 2361 superciliositate
1218 2300 1272 2343 sua
1284 2281 1385 2341 verbum

229 2389 337 2450 domini
353 2396 538 2452 contemnunt
551 2408 586 2452 ac
600 2392 656 2452 sibi
670 2392 723 2454 soli
738 2409 840 2466 sapere
854 2393 1002 2467 videntur,
1023 2393 1151 2453 volentes
1165 2389 1312 2450 bominum
1330 2400 1384 2445 con·

228 2495 362 2557 scientias
381 2498 428 2556 vcl
442 2501 542 2556 contra
565 2499 722 2573 scripturas
743 2498 790 2559 vel
808 2497 908 2557 iisdem
928 2498 965 2558 ad
985 2500 1111 2571 ipsorum
1131 2497 1261 2570 palatum
1282 2489 1385 2552 detortis

228 2601 389 2677 astringere
404 2603 589 2678 adigereque,
613 2602 672 2676 qui,
696 2618 713 2661 ο
729 2601 799 2662 deus
815 2601 904 2678 bone,
929 2619 1014 2677 quam
1028 2619 1104 2661 uunc
1117 2607 1259 2677 regnante
1275 2598 1385 2661 sathane

228 2709 350 2784 saeviuut
364 2712 394 2767 et
407 2687 539 2781 regnaut.
579 2708 652 2767 Item
666 2707 736 2781 quid
755 2709 793 2766 sit
806 2709 902 2767 oculos
923 2709 962 2768 sd
977 2707 1061 2767 deum
1075 2707 1199 2768 directos
1217 2707 1263 2768 vel
1277 2705 1385 2763 intentos

228 2810 335 2872 babere
349 2812 388 2872 ad
402 2813 449 2872 dei
463 2811 697 2872 misericordium.
734 2813 790 2871 Hic
806 2814 881 2872 enim
897 2829 979 2873 omne
998 2819 1127 2874 nostrum
1141 2801 1303 2873 excluditur
1315 2803 1384 2865 meri-

228 2923 297 2976 tum.
323 2918 444 2978 Oremus
454 2919 551 2994 igitur,
564 2922 596 2978 ut
606 2915 760 2978 secundum
771 2917 947 2978 bonitatem¹
958 2934 1038 2978 suam
1051 2894 1180 2977 dominus
1195 2919 1259 2978 vias
1273 2929 1334 2974 suas
1343 2923 1384 2969 nos

230 3022 358 3096 edoceat,
373 3024 437 3098 ipse
452 3024 527 3082 euim
543 3029 587 3083 est
602 3026 702 3084 unicus
713 3024 814 3084 doctor
828 3030 858 3084 et
869 3024 987 3084 verbum
999 3029 1028 3084 et
1040 3039 1090 3081 cor
1103 3024 1184 3082 dans.
1211 3023 1312 3084 Sumus
1323 3015 1384 3076 enin

231 3126 306 3185 servi
320 3127 392 3201 ejus,
409 3133 438 3187 et
453 3138 551 3187 servus
567 3129 658 3188 sciens
673 3127 747 3188 velle
761 3127 824 3186 beri
839 3129 884 3187 sui
897 3133 926 3187 et
941 3144 998 3187 non
1012 3125 1118 3187 faciens
1133 3129 1227 3202 plagis
1241 3125 1333 3187 multis
1345 3134 1383 3180 ua·

228 3230 402 3306 pulsbitetc.
426 3233 498 3291 Item
513 3248 576 3305 quse
588 3239 684 3292 essent
699 3234 861 3293 testimonia
875 3233 990 3308 domini,
1008 3233 1213 3294 obtestationes
1226 3235 1272 3294 vel
1286 3229 1384 3290 decreta

228 3342 279 3399 aut
292 3339 423 3398 instituta
434 3339 518 3414 juxta
532 3343 647 3414 tropum
667 3340 873 3413 scripturarum
889 3340 1029 3413 exposuit.
1069 3338 1208 3414 Tempus,
1231 3335 1330 3411 inquit,
1350 3329 1383 3388 fa·

228 3445 323 3505 ciendi
336 3445 450 3506 domine
465 3446 677 3519 dissipaverunt
690 3445 783 3518 legem
797 3451 885 3504 tuam.
908 3444 955 3503 En
971 3444 1085 3503 domiue
1100 3450 1198 3504 sancto
1213 3449 1310 3519 pater,
1324 3437 1382 3496 dens

227 3549 312 3611 fortis
327 3556 358 3610 et
370 3567 487 3627 magne,
508 3551 589 3624 cnjus
604 3547 823 3624 magnificentiae
838 3565 891 3608 nec
905 3549 1006 3608 modus
1021 3565 1075 3608 nec
1089 3548 1155 3608 linis
1171 3555 1229 3624 est,
1250 3558 1347 3616 exurge
1359 3541 1382 3596 il

228 3655 337 3727 dissipa
351 3661 463 3730 gentes,
486 3657 535 3729 qui
549 3654 625 3714 belle
639 3656 748 3713 volunt.
786 3654 853 3713 Non
867 3653 960 3713 solum
975 3655 1051 3712 enim
1065 3659 1131 3715 tuos
1145 3653 1347 3728 persequuntur
1359 3643 1383 3700 ei

229 3762 441 3817 sacrosanctum
455 3761 574 3819 uerbum
589 3765 667 3820 tuum
683 3761 841 3832 invertunt,
861 3757 999 3818 addentes
1014 3759 1199 3832 iniquissimas
1213 3773 1272 3816 suae
1286 3748 1381 3812 lerona

229 3861 396 3922 Judaeorum
410 3863 608 3937 calliditatem,
629 3867 662 3923 ut
677 3862 754 3936 quod
768 3863 906 3922 hacteuus
927 3863 1014 3922 armis
1030 3867 1060 3922 et
1072 3864 1157 3922 minis
1177 3881 1237 3922 non
1251 3853 1380 3936 processit,

229 3983 305 4028 nunc
319 3967 386 4028 dolo
402 3974 431 4028 ct
445 3968 592 4028 eversione
608 3969 793 4041 ecclesiarum
812 3972 841 4028 et
855 3969 1016 4028 scholarum
1032 3960 1166 4028 efficiant.
1206 3967 1323 4042 Tempus
1337 3959 1380 4026 eil,

230 4071 391 4148 odomiue,
411 4079 444 4133 ut
462 4075 524 4148 ipse
542 4069 632 4132 facies
652 4079 680 4132 ct
700 4088 814 4146 regnes.
852 4073 929 4134 Vere
949 4074 1023 4132 enim
1045 4073 1137 4145 legem
1157 4079 1237 4132 tuam
1256 4075 1284 4129 et
1300 4069 1380 4126 latum

230 4178 370 4253 evangelii
384 4179 518 4240 nuncium
534 4177 681 4252 dissipant,
698 4175 780 4234 nobis
796 4193 849 4235 sua
863 4179 958 4238 edicta
971 4182 1000 4238 et
1014 4178 1124 4238 somnia
1138 4175 1326 4246 obtrudantes,
1341 4179 1380 4226 ur

790 4312 823 4348 ι*
858 4321 860 4324 ·

306 4401 318 4447 1
338 4395 387 4449 Hs.
409 4397 557 4452 adomimo.
