2966 4900
611 275 615 284 Ι
646 329 709 393 185

85 507 115 564 ln
128 506 229 565 litteris
245 507 436 568 induciarum
458 509 604 582 quibusvis
623 508 697 568 liber
717 522 848 568 accessus
869 525 905 569 ex
920 509 1095 572 Ferdinandi
1114 515 1211 588 regnis
1226 514 1257 572 in

86 610 236 668 Toroarum
251 613 378 685 imperio
396 614 628 687 negotiationum
647 615 694 672 vel
717 614 838 674 aliarum
852 631 950 674 rerum
965 632 1034 690 ergo
1049 619 1213 677 conceditur
1228 623 1258 678 et

85 726 223 788 econtra,
248 717 383 791 exeeptis
399 724 497 778 tamen
511 718 657 793 gentibus,
678 733 750 789 quas
765 719 961 793 Heydelosan,
986 721 1176 795 Mantolosen,
1190 723 1255 781 Vis·

85 817 175 876 kuhen
189 823 353 882 nominant.
391 823 545 882 Provisum
560 829 604 882 est
619 829 648 882 et
662 824 691 881 in
705 822 750 880 his
764 823 878 898 litteris,
893 831 925 883 ut
938 823 1109 897 Rixaspides
1125 827 1161 886 ah
1176 831 1255 886 utra·

85 937 135 992 que
149 928 232 994 parte
249 924 381 984 dominis
397 929 590 988 remittantur.
614 927 805 1000 Heydelosen,
822 926 1009 1004 Mantolosen,
1025 930 1173 990 Viskuken
1187 947 1256 1005 gen·

83 1030 121 1084 tes
135 1034 200 1086 sunt
214 1029 253 1087 ad
272 1032 421 1091 temninos
441 1031 657 1092 Pannoniarum
676 1031 952 1105 Constantinopohm
973 1049 1088 1109 versus,
1110 1035 1256 1095 hominum

83 1145 164 1201 genus
185 1130 248 1191 iare
274 1133 425 1206 sylvestre
443 1137 535 1196 instar
556 1135 593 1214 (si
613 1135 718 1195 fabulis
737 1134 808 1194 fides
828 1135 972 1212 habenda)
992 1141 1097 1212 satyris
1118 1155 1256 1200 cavernas

83 1238 222 1304 petrarum
239 1242 271 1295 et
286 1237 419 1312 abrupta
428 1241 566 1299 montium
575 1241 776 1314 inhabitantes,
794 1257 829 1298 ex
843 1242 943 1313 praeda
959 1247 988 1300 et
1001 1243 1160 1302 latrociniis
1174 1246 1256 1303 victi·

83 1340 176 1411 tanteS,
193 1342 246 1412 qni
269 1339 456 1402 Christianos
480 1345 511 1402 in
526 1345 658 1403 anciam
680 1342 893 1418 proficiscentes
908 1345 954 1402 vel
968 1361 986 1401 a
1001 1346 1197 1418 negociatione
1211 1365 1257 1407 rc·

85 1437 195 1500 deuntes
215 1445 285 1505 dolo
308 1448 524 1520 aggrediuntur
544 1465 577 1506 ao
598 1447 676 1508 furto
699 1449 859 1521 abducunt,
886 1463 935 1506 eos
958 1450 1004 1508 vel
1018 1449 1185 1524 pendentes,
1209 1453 1255 1510 rel

83 1539 260 1606 inuentus
282 1553 470 1612 mulctantes.
508 1552 650 1611 Dicuntur
673 1558 767 1612 autem
786 1550 851 1610 'esse
872 1551 1000 1612 homines
1016 1553 1153 1628 inermes,
1178 1555 1256 1628 apud

85 1661 149 1716 quos
171 1651 268 1710 nnhus
289 1671 441 1714 armorum
460 1674 529 1716 usus
550 1658 603 1728 s'it,
624 1662 729 1729 praeter
748 1653 839 1714 iustas
853 1656 963 1730 ligneos
979 1657 1024 1717 vel
1038 1660 1164 1732 perticas
1178 1676 1253 1734 praa-

85 1754 254 1816 ttuminatas
271 1759 381 1818 Tur-cis
396 1777 478 1835 aeque
494 1778 528 1820 ac
544 1761 714 1821 Christianis
729 1759 813 1819 innisi
828 1766 882 1820 ete.

166 1857 334 1939 Tributum,
352 1867 430 1938 quod
445 1865 660 1925 aFerdinando
670 1865 828 1924 ancarum
843 1864 1010 1938 imperatori
1025 1866 1120 1940 datur,
1136 1866 1174 1926 ad
1188 1884 1254 1941 por·

87 1961 140 2016 tam
154 1970 287 2024 sanctam
302 1984 360 2040 per
375 1971 521 2028 ministros
535 1971 630 2044 regios
646 1971 799 2041 quotannis
814 1971 947 2028 mittitur.

168 2065 334 2130 Turoarum
351 2074 507 2147 imperator
522 2075 552 2131 in
567 2065 758 2132 conuentibus
773 2074 828 2132 hoc
843 2072 990 2132 exordium
1005 2080 1116 2134 serrat:
1139 2074 1254 2137 Auxilio

87 2161 127 2222 dei
141 2174 349 2246 omnipotentis
365 2183 395 2236 et
408 2179 531 2250 apostoli
546 2178 639 2237 nostri
654 2179 746 2236 sancti
761 2177 918 2237 Mahomet.

167 2273 314 2339 Undecim
340 2281 495 2340 ducatuum
515 2281 638 2341 barones
661 2289 691 2340 et
711 2281 822 2340 nobiles
842 2280 970 2354 ungarici
984 2281 1144 2340 Tartarum
1164 2283 1253 2355 impe·

88 2377 170 2432 ratori
184 2383 297 2444 tributa
312 2387 440 2459 pendere
456 2387 584 2460 stipulati
600 2391 674 2450 sunt.

169 2481 308 2564 Zanzeri,
326 2490 526 2564 Bcgehoiarii,
543 2491 706 2564 Zanzegcn,
723 2490 863 2563 Zeugma,
880 2487 975 2548 Glissa
989 2489 1169 2561 receptacula
1183 2489 1253 2546 Hei·

92 2577 261 2650 dochiornm.

170 2690 297 2772 Datum,
319 2703 353 2756 nt
372 2705 491 2772 nocant,
516 2699 677 2759 litterarum
698 2697 876 2756 induciarum
895 2698 936 2754 sic
955 2696 1054 2755 habet:
1086 2694 1171 2755 Anno
1192 2697 1253 2754 nati

90 2797 204 2858 apostoli
237 2803 333 2861 nostri
360 2804 575 2877 nongentesimo
605 2803 838 2878 quinquagesimo
866 2817 956 2874 nono,
987 2801 1087 2858 ultima
1108 2799 1251 2873 Octobris;

92 2897 154 2953 anni
167 2915 236 2962 vero
253 2907 436 2965 induciarum
448 2909 509 2981 jam
523 2914 583 2966 tres
597 2908 773 2980 praeteriere.

172 3003 320 3083 Liborius,
333 3014 365 3068 ut
374 3011 435 3084 ipse
446 3012 551 3086 ajebat,
563 3012 786 3070 antemeridiem
791 3011 915 3084 Vighum
926 3011 1078 3070 conuenire
1086 3010 1251 3082 nonpotnit.

169 3107 282 3172 Eadem
297 3115 442 3172 hortulum
464 3117 566 3174 animae
582 3133 599 3174 a
616 3113 740 3190 Georgio
756 3118 880 3190 quodam
892 3116 1125 3188 Norinbergense
1139 3114 1175 3174 ab
1189 3116 1252 3187 ipso

91 3198 196 3269 filiabus
210 3219 271 3276 suis
288 3219 453 3290 inscriptam
474 3225 503 3278 et
524 3219 746 3280 consolationem
767 3218 996 3280 christifidelium
1009 3222 1039 3277 in
1054 3220 1253 3292 persecutione

92 3321 138 3376 per
155 3321 322 3392 magistrum
343 3322 439 3381 Vitnm
462 3322 644 3382 Theodorum
671 3327 860 3398 conscriptam
887 3341 942 3398 pro
962 3324 1077 3382 domina
1097 3339 1181 3381 socru
1201 3337 1253 3378 sex

93 3407 175 3476 batzis
188 3427 362 3500 comparari.
548 3434 550 3438 ’

171 3523 281 3586 Eadem
304 3529 370 3587 dnm
393 3529 430 3587 ab
449 3530 573 3602 hospitio
593 3530 738 3588 Wilhclmi
758 3531 869 3590 comitis
891 3534 971 3586 recta
999 3545 1052 3601 per
1080 3526 1251 3586 dominicum

94 3616 271 3690 transeuntes
285 3631 440 3704 hospitium
457 3619 588 3694 nostrum
611 3634 746 3707 petimus,
769 3631 890 3690 vidimus
912 3637 979 3690 ante
1004 3647 1084 3690 casas
1104 3629 1252 3704 cuiusdam

93 3715 246 3803 bibliopolae
267 3737 298 3794 in
317 3738 441 3809 gratiam
460 3740 637 3810 papistarum
656 3739 809 3810 imaginem
832 3738 1013 3810 imperatoris
1035 3738 1135 3795 turcici
1154 3736 1193 3796 ad
1211 3737 1253 3796 vi·

98 3837 156 3888 lum
170 3834 310 3912 depictam
324 3857 382 3898 una
397 3857 461 3900 oum
476 3844 575 3901 charta
591 3841 729 3915 quadam,
739 3843 770 3899 iu
785 3857 843 3913 qua
858 3820 887 3900 et
906 3840 1015 3915 effigies
1031 3843 1130 3917 optimi
1144 3843 1250 3916 prinoi-

94 3928 133 3995 lit
150 3934 268 4001 loannis
289 3923 531 4004 Fridericiducis
552 3947 683 4004 Saxoniae
703 3951 757 4004 eto.
789 3947 921 4005 electoris
948 3947 1087 4006 deliniata
1109 3950 1185 4017 erat,
1210 3946 1252 4001 ita

95 4045 223 4120 prostare,
240 4052 272 4105 nt
286 4053 409 4122 uterque
424 4049 559 4122 alterum,
585 4054 617 4106 nt
631 4051 672 4108 ita
686 4049 797 4124 loquar,
814 4051 982 4110 intueretur.
1019 4047 1142 4109 Volebat
1156 4050 1252 4104 autem

96 4130 238 4220 bibliopola
254 4151 308 4210 hac
322 4134 435 4224 pictura
449 4152 609 4230 ostendere,
624 4153 677 4214 hos
691 4154 762 4212 duos
778 4159 807 4214 et
820 4155 946 4226 ejusdem
961 4169 1034 4212 cerae
1044 4150 1172 4209 homines
1188 4165 1251 4208 esse

97 4244 122 4296 tt
134 4247 290 4313 christiana
313 4255 477 4328 reipublicae
500 4258 693 4316 atrocissimos
713 4257 820 4322 hostes.
852 4259 957 4316 Verum
972 4273 1008 4314 ne
1023 4259 1160 4344 perpetuo
1176 4255 1250 4328 opti·

96 4356 148 4406 tons
162 4358 291 4434 princeps
306 4359 497 4438 derideretur,
514 4379 567 4436 pro
583 4377 634 4421 sex
647 4361 738 4422 batzis
754 4369 904 4434 utramque
919 4361 1059 4434 picturam
1074 4360 1138 4420 emi.
