2966 4900
209 559 267 604 non
280 543 381 604 inscite
395 541 527 604 domium
541 541 578 602 de
591 541 705 617 Buswy,
721 541 771 615 qui
786 541 979 617 hippodromo
995 546 1026 602 et
1040 541 1122 615 equis
1138 541 1250 600 caesaris
1263 543 1359 612 praest,

209 649 326 724 dixerit,
350 663 467 709 necesse
482 664 544 708 esse
560 645 722 706 Germanice
743 647 901 722 superioris
922 645 1044 706 feminas
1065 649 1155 722 longe
1174 647 1238 720 plus
1255 644 1362 703 sordium

210 771 295 828 quam
308 754 501 814 Brabantiuas
516 759 566 814 aut
579 749 724 812 interioris
740 750 902 812 Germanice
917 749 1038 812 feminas
1054 752 1236 812 contrahere.
1263 747 1364 807 Gnidon

210 865 305 918 autem
326 875 441 919 causam
462 859 653 932 interroganti
673 857 839 934 rospondit,
863 858 909 917 ha
928 856 991 918 fere
1009 858 1132 932 singulis
1152 856 1253 916 diebus
1274 851 1366 913 balucis

211 980 282 1038 opus
296 965 416 1038 habent,
432 969 540 1024 nostre
554 964 603 1024 vix
617 965 705 1024 semel
719 971 770 1024 aut
783 963 828 1022 bis
842 964 874 1022 in
889 979 966 1024 auno
980 963 1079 1024 lavam
1094 977 1232 1038 corpora.

299 1067 417 1127 Eadem
428 1067 616 1128 Baltbasarus
638 1069 677 1129 ab
699 1066 898 1142 Entzeuberg,
927 1082 1002 1128 uxor
1021 1071 1052 1128 et
1074 1083 1167 1126 nurus
1197 1081 1250 1124 sua
1273 1062 1368 1122 domam

211 1173 323 1248 abiere,
338 1174 542 1246 expectabatur
557 1178 587 1234 et
600 1179 693 1234 mater
709 1173 816 1234 domiui
830 1190 849 1232 a
863 1170 1043 1233 Wildeniels.
1457 1243 1458 1260 χ

300 1279 435 1339 Haedis
456 1280 530 1338 sicut
551 1285 582 1340 et
602 1279 721 1354 singulis
740 1278 898 1339 sabathinis
922 1279 1022 1340 diebus
1046 1279 1187 1340 nundinae
1208 1270 1371 1336 Rudelstadii

212 1389 304 1444 erant.
336 1384 391 1444 liic
406 1384 468 1444 dies
483 1387 601 1444 caurus
616 1389 687 1458 erat,
704 1383 782 1458 quod
796 1400 850 1457 pro
865 1383 1006 1444 habendis
1021 1385 1102 1458 equis
1116 1386 1150 1444 in
1164 1383 1290 1459 patriam
1302 1378 1371 1436 mise

212 1507 323 1564 ramus,
340 1490 391 1550 sed
406 1491 501 1551 adbuc
514 1507 682 1565 responsum
697 1495 874 1564 expectatur.

301 1596 380 1656 Nota
399 1596 435 1655 de
457 1596 571 1656 dncbsa
592 1596 689 1656 Oliriae
710 1597 854 1656 comitisse
872 1596 903 1654 in
919 1595 1152 1670 Schwartzburg,
1179 1610 1244 1668 qnae
1266 1591 1302 1652 cb
1321 1589 1372 1662 pic

214 1699 308 1758 culum
320 1700 351 1757 iu
366 1702 499 1760 maritum
514 1703 695 1762 commissum
708 1700 890 1762 Rudelstadii
910 1701 941 1759 in
956 1715 1072 1760 carcme
1091 1703 1246 1760 asservata
1264 1695 1301 1756 ad
1314 1700 1371 1754 tem-

213 1820 268 1878 pus
281 1803 398 1876 aliqbod
411 1820 447 1864 ac
458 1806 576 1866 tandem
590 1808 620 1866 in
635 1808 797 1869 coenobium
805 1805 996 1866 Arnstateuse
1009 1806 1130 1881 intrusa,
1147 1807 1180 1865 iu
1197 1819 1255 1880 qno
1270 1806 1298 1862 et
1311 1798 1374 1859 dieu

214 1908 318 1967 clausit
332 1913 499 1970 extremum.
522 1912 593 1972 Fuit
606 1917 702 1972 autem
715 1913 780 1972 haec
794 1913 892 1973 amnia
905 1927 1005 1972 somus
1019 1916 1135 1971 nostrae.

305 2011 498 2076 Granichieldt
511 2021 542 2076 et
554 2017 779 2092 Blanchenhayn
799 2033 881 2080 arces
901 2021 969 2078 sunt
983 2015 1081 2078 Caroli
1095 2021 1125 2076 et
1140 2011 1315 2092 sigismundi
1327 2006 1375 2067 iro·

215 2122 292 2178 trum
306 2136 324 2178 a
339 2117 486 2181 (ileichen.

303 2223 415 2285 Eadem
437 2223 568 2302 qnidam,
591 2228 640 2301 qui
660 2227 729 2287 olim
750 2227 871 2288 Alberto
894 2227 990 2288 comiti
1011 2242 1030 2286 a
1049 2226 1211 2288 blansfeldt
1232 2241 1250 2284 a
1272 2215 1375 2280 secretis

215 2326 327 2407 iuerat,
355 2331 571 2394 Rudelstadium
591 2332 704 2393 litteras
729 2331 977 2394 commendaticias
1000 2349 1096 2394 secum
1122 2337 1281 2409 apportans
1300 2318 1373 2389 veuit

216 2437 377 2510 cupiensin
391 2435 561 2500 famulitium
575 2437 698 2500 domium
713 2454 813 2499 socrus
832 2439 935 2514 recipi,
955 2455 1056 2500 verum
1070 2438 1101 2499 id
1114 2439 1223 2500 multas
1238 2435 1274 2496 ob
1288 2437 1375 2490 musas

166 2589 170 2594 .
217 2540 281 2602 fieri
295 2543 442 2616 nequeat.

305 2649 449 2709 Reversus
464 2653 508 2709 est
523 2646 622 2708 eadem
643 2654 673 2708 et
686 2647 832 2708 Adrianus
851 2655 950 2710 noster
969 2649 1005 2710 ab
1019 2650 1152 2724 Augusta
1166 2644 1374 2709 vindelicorum,

216 2751 329 2812 litteras
344 2769 362 2812 a
378 2753 533 2815 bleichiore
548 2752 652 2813 Lindio
672 2751 815 2830 reterens,
837 2755 886 2826 qui
900 2755 1005 2829 sejam
1018 2758 1107 2816 tertio
1122 2755 1161 2816 ad
1180 2772 1228 2816 me
1243 2744 1375 2821 seriibisse

219 2859 417 2932 conqueritur,
438 2875 501 2918 cum
516 2875 588 2918 unas
602 2864 715 2919 tantum
728 2858 842 2918 litteras
857 2860 919 2934 ejus
934 2861 1136 2934 acceperimus.

305 2961 504 3022 Atrebateusis
524 2963 635 3025 nobiles
654 2964 805 3023 comitatus
824 2965 966 3026 Waldeck
986 2966 1016 3025 in
1037 2967 1142 3026 litteris
1162 2963 1271 3025 ussum
1289 2950 1375 3017 romb·

219 3063 302 3122 sonis
317 3065 469 3126 excludere
484 3058 614 3126 conatur.
1459 3105 1460 3140 2

307 3169 454 3229 Masculus
476 3170 606 3244 Augusta
627 3169 737 3232 dnobus
759 3173 953 3246 stipendiariis
968 3174 1048 3234 urbis
1070 3176 1164 3250 ipsum
1189 3161 1375 3235 comitamiibus
1459 3163 1460 3180 ¹

219 3271 357 3335 discessit.
395 3276 424 3334 Is
439 3276 520 3351 cujus
534 3276 601 3336 coeli
615 3281 683 3337 sunt
697 3283 726 3336 et
740 3281 820 3336 terra
840 3278 885 3337 sui
900 3294 998 3341 caram
1017 3295 1103 3355 agere
1124 3279 1268 3354 dignetur.
1304 3269 1375 3332 Vires

219 3381 344 3442 Masculi
364 3383 491 3444 loannes
510 3381 652 3443 Henricus
673 3383 800 3458 supplet,
823 3398 877 3442 nec
896 3384 921 3443 is
942 3383 1056 3460 quidem
1075 3382 1200 3445 infidelis
1221 3384 1269 3444 vel
1292 3382 1374 3439 sotors

219 3488 301 3550 verbi
315 3487 404 3552 divini
418 3495 447 3550 et
460 3489 663 3565 mysteriorum
679 3487 860 3562 dispeusator
875 3495 928 3550 est.

309 3595 379 3654 Post
394 3596 549 3658 discessum
565 3600 694 3657 nostrum
714 3592 753 3654 ab
767 3593 897 3668 Augusta
911 3594 1085 3655 Franciscus
1102 3594 1270 3668 aDslwiglr
1286 3595 1375 3651 noser·

221 3708 284 3754 mm
298 3698 371 3766 petit
384 3701 501 3774 cupiens
516 3706 549 3762 ut
562 3700 647 3775 hujus
662 3699 781 3760 consilio
795 3699 886 3773 possit
900 3716 946 3758 me
958 3699 1035 3774 apud
1044 3715 1199 3760 cesaream
1212 3693 1375 3773 majestottffl

222 3811 366 3882 amusare
403 3803 512 3863 Verum
525 3805 588 3864 haec
601 3805 648 3865 vel
662 3804 750 3864 semel
763 3817 873 3864 memor
886 3819 918 3864 se
933 3805 1090 3880 genitorem
1105 3821 1200 3864 meum
1213 3804 1244 3862 in
1258 3796 1377 3861 rueritum

221 3900 371 3976 habuisse,
394 3901 449 3963 hcc
467 3904 579 3966 facinus
601 3909 751 3982 dissuasit,
774 3909 873 3970 diceus
891 3913 925 3968 ut
941 3895 1129 3970 volubilitatis
1150 3907 1274 3969 fortunae
1295 3910 1376 3964 recor·

223 4007 356 4082 daretur,
379 4025 446 4068 nam
460 4026 559 4069 rerum
576 4011 652 4070 vices
674 4029 737 4072 esse
753 4019 782 4074 et
801 4031 846 4074 me
860 4013 1014 4089 aliquando
1034 4021 1068 4075 ut
1087 4016 1232 4077 domiuum
1255 4024 1331 4072 suum
1342 3998 1377 4061 iffi

222 4111 286 4174 hec
299 4114 329 4174 in
344 4115 436 4176 sinum
451 4129 533 4176 suum
547 4113 671 4175 reddere
684 4133 779 4188 posse.
818 4120 996 4194 conquestus
1016 4126 1061 4181 est
1077 4119 1153 4181 idern
1168 4135 1199 4180 se
1213 4121 1267 4179 hcc
1281 4101 1376 4188 cremii

222 4218 380 4281 fremiano
402 4220 512 4282 Jodoco
533 4219 707 4295 injunxisse,
730 4237 829 4282 verum
849 4224 925 4285 hunc
946 4242 1010 4284 cnm
1031 4223 1201 4284 Murchione
1219 4223 1334 4284 Alberto
1354 4212 1377 4268 5¹¹

223 4321 371 4383 Prassiam
385 4325 499 4387 abiisse.
522 4326 589 4387 Nou
602 4330 699 4386 taumn
713 4327 865 4390 intermisit
878 4330 925 4388 hic
942 4331 1034 4391 bonas
1049 4330 1094 4391 vir
1108 4329 1219 4404 abquid
1233 4326 1309 4402 apud
1321 4333 1376 4380 001¹·

224 4428 348 4490 siliarios
362 4431 544 4506 imperatoris
563 4447 598 4493 ac
612 4431 759 4495 domiuum
775 4431 813 4494 de
825 4433 906 4508 Lyra
925 4451 960 4497 ac
973 4435 1047 4499 ulios
1065 4439 1188 4498 tentare.
1226 4432 1284 4496 Sed
1296 4430 1330 4493 ab
1341 4420 1378 4484 iis
