2966 4900
696 317 762 382 229

145 503 250 560 cature
264 501 373 561 vivant.
396 499 451 560 Est
465 499 541 559 enim
557 497 719 559 Schwartza
734 499 851 560 uariolis
867 503 897 559 et
919 500 1105 561 nobilioribus
1120 501 1255 577 piscibus,
1271 521 1321 562 ur-

142 603 275 664 beoulam
298 602 514 678 praeterfluens,
537 603 625 690 dives.
665 603 766 663 Socrui
781 609 887 664 nostrae
911 607 1088 667 haeccivitas
1103 609 1255 679 quotannis
1270 608 1321 667 du·

144 713 246 768 centos
262 725 367 768 aureos
383 710 491 784 pendet
505 713 535 768 et
549 709 724 782 octuaginta.
759 708 850 769 Omne
864 726 934 770 vero
949 710 1028 783 quod
1041 709 1232 802 hictrivimus
1247 717 1318 771 tem-

141 829 196 888 pus
211 815 383 888 sesqnihora
400 820 472 874 erat.
511 813 650 872 Dedimus
665 811 890 889 filiolaeAlberti,
907 831 992 888 quem
1002 831 1075 874 uxor
1090 821 1190 875 nostra
1205 833 1221 876 e
1236 834 1318 878 sacro

141 917 224 979 fonte
238 919 346 979 levavit
361 923 390 978 ct
405 918 566 978 Anastasiae
581 932 685 977 nomen
698 918 818 994 indidit,
834 937 954 980 aureum
969 937 1075 991 unum,
1092 922 1256 982 cantoribus
1272 939 1317 982 so·

142 1023 220 1084 lidos
236 1024 343 1100 decem,
359 1022 599 1098 praesentantibus
611 1022 764 1097 amphoras
775 1024 900 1084 vinarias
912 1040 1028 1098 grossos
1039 1041 1099 1099 sex,
1117 1030 1146 1084 et
1161 1027 1318 1100 quiportas

143 1127 220 1186 arcis
234 1133 349 1188 reserat
362 1129 459 1188 nescio
482 1144 546 1201 quae
561 1127 740 1188 numismata.
775 1128 834 1187 Sub
849 1133 979 1189 octavam
995 1130 1086 1188 noctis
1100 1130 1317 1191 Rudelstadium

140 1247 253 1292 reuersn
268 1248 374 1290 sumus.

229 1337 342 1411 Volupe
366 1341 411 1396 est
429 1334 539 1396 homini
561 1335 609 1408 pio
630 1340 660 1395 et
681 1335 794 1395 erudito
814 1335 845 1395 in
860 1337 904 1395 his
930 1337 1040 1411 exiguis
1057 1337 1200 1412 oppidulis
1215 1338 1314 1399 videre

141 1442 292 1502 ecclesiam
307 1445 337 1500 et
350 1441 432 1500 ludos
447 1441 609 1498 litterarum
629 1455 682 1514 pro
703 1455 755 1499 sue
771 1444 848 1499 sorte
863 1442 933 1499 viris
948 1440 1030 1500 bonis
1051 1445 1167 1514 provisa
1184 1449 1213 1503 et
1227 1460 1270 1502 vae
1286 1445 1316 1503 in

140 1546 268 1604 seculum
284 1545 372 1605 seculi
386 1547 522 1604 Romanae
536 1544 637 1604 bestiae
653 1543 684 1604 0.
701 1550 730 1604 et
745 1545 779 1603 F.
795 1560 859 1603 cum
878 1545 1008 1604 omnibus
1024 1547 1149 1619 squamis
1165 1549 1240 1620 eJus,
1266 1550 1314 1620 qui

139 1651 193 1709 has
208 1638 376 1725 reipublicae
399 1655 428 1709 ct
447 1649 646 1708 ecclesiastice
666 1649 921 1709 administrationis
941 1649 1047 1711 formas
1063 1657 1193 1712 evertere
1209 1669 1313 1712 conan-

141 1762 191 1816 tur
206 1761 236 1816 et
251 1757 331 1829 quod
344 1757 375 1813 10
388 1755 540 1830 propalam
555 1757 599 1813 est
613 1771 688 1813 nunc
702 1755 809 1829 possim
823 1752 968 1830 profliget.

232 1859 344 1918 Eadem
369 1859 566 1934 sigismundus
587 1875 680 1918 comcs
702 1876 721 1919 a
740 1852 890 1933 Gleichen,
914 1859 985 1920 baro
1008 1862 1044 1921 de
1067 1863 1160 1923 Ruess
1182 1869 1212 1923 et
1226 1867 1314 1923 ceteri

139 1961 360 2023 Rudelstadium
374 1968 556 2050 nauseantes
569 1963 608 2022 N.
625 1979 759 2036 sponsam
772 1964 803 2022 in
818 1965 1085 2040 Leuchtenbergam
1102 1967 1290 2028 deduxerunt.

229 2068 346 2142 ijulii
368 2068 465 2126 uxoris
486 2073 516 2127 et
537 2072 637 2127 nostro
660 2070 774 2129 nomine
797 2075 921 2144 quatuor
936 2071 1064 2130 thaleros
1083 2073 1114 2131 10
1128 2073 1313 2132 honorarium

143 2185 257 2244 sponsae
271 2171 302 2230 in
316 2170 528 2246 Liechtenberg
541 2173 683 2248 misimus,
704 2175 773 2234 item
794 2175 924 2235 dedimus
947 2177 1068 2235 sarctori
1084 2175 1212 2252 Casparo
1227 2194 1311 2252 pecu-

137 2277 216 2334 niam
230 2277 261 2334 in
274 2285 385 2337 vestem
400 2277 519 2337 sericam
534 2279 618 2335 uxori
633 2283 740 2336 nostrae
755 2280 985 2353 comparandam.

226 2379 338 2440 Eadem
359 2381 387 2440 d.
402 2380 539 2441 Albertus
563 2397 599 2442 ex
617 2382 719 2456 psalm.
748 2385 808 2441 119
834 2381 983 2442 octoadem
1002 2382 1139 2441 decimam
1161 2385 1313 2454 septimam

138 2487 284 2560 exposuit,
301 2487 421 2546 scilicet:
446 2485 592 2546 Mirabilia
606 2487 769 2546 testimonia
783 2492 849 2560 tna,
864 2487 978 2547 domine
998 2495 1052 2546 etc.
1077 2487 1221 2547 Summam
1237 2487 1312 2547 hanc

137 2591 249 2664 posuit,
275 2607 365 2664 quare
386 2591 535 2650 christiani
554 2591 673 2651 uerbum
688 2592 897 2667 amplectantur
920 2596 948 2650 et
964 2593 1000 2651 ob
1015 2591 1045 2650 id
1060 2591 1159 2650 scdulo
1175 2609 1210 2651 ex
1225 2594 1311 2653 corde

138 2699 168 2753 et
182 2711 233 2754 ore
248 2694 332 2754 deum
347 2700 463 2770 rogent,
492 2699 521 2754 ct
542 2695 628 2769 hujus
649 2697 786 2755 orationis
811 2698 885 2755 hanc
904 2695 1025 2755 iormam
1046 2711 1121 2769 esse3
1151 2698 1219 2756 item
1243 2697 1313 2770 quid

138 2799 246 2873 oratio,
273 2798 343 2872 quid
362 2800 440 2858 zelus
460 2803 535 2858 esset
556 2806 687 2874 perires
707 2817 807 2860 uersus
821 2801 929 2875 primos
948 2800 1058 2873 docuit,
1079 2801 1176 2859 dicens
1190 2801 1312 2861 verbum

142 2902 251 2962 domini
265 2919 328 2962 esse
343 2903 520 2978 admirabile,
535 2903 591 2964 hoc
606 2905 681 2964 anim
696 2921 759 2969 oum
774 2906 901 2980 parvulis
916 2905 1059 2964 reveletur
1072 2920 1127 2980 per
1140 2905 1312 2982 sapientiam

137 3007 259 3067 rationis
282 3007 415 3068 humanae
430 3009 631 3084 comprehendi
645 3015 777 3082 nequeat.
815 3011 855 3070 Et
876 3009 915 3069 ad
934 3010 1019 3082 hujus
1040 3011 1084 3070 rei
1097 3009 1248 3070 veritatem
1263 3011 1311 3070 de-

137 3112 354 3172 monstrandam
374 3114 479 3174 multus
499 3115 649 3188 scripturae
671 3115 749 3175 locos
764 3115 911 3190 aptissime
925 3116 1056 3177 adduxit.
1094 3116 1167 3175 Item
1182 3117 1311 3176 consola·

135 3217 245 3276 tionem
263 3219 294 3276 10
311 3219 367 3276 hoc
388 3219 499 3292 psalmo
525 3221 665 3280 contineri
686 3237 721 3280 ac
748 3236 812 3280 eam
831 3237 867 3280 ex
889 3221 976 3280 verbo
1004 3220 1112 3280 domini
1131 3221 1308 3294 contingere,

134 3321 219 3394 juxta
234 3321 319 3382 illud:
344 3321 443 3402 Omnis
458 3325 602 3398 scriptura
623 3324 758 3383 divinitus
782 3324 923 3399 inspirata
937 3325 1014 3383 utilis
1030 3324 1125 3382 estad
1141 3324 1308 3397 docendum,

138 3425 175 3484 ad
188 3426 412 3486 consolationem
427 3434 480 3488 etc.
505 3430 604 3489 Tertio
618 3429 703 3489 docet
717 3433 746 3488 et
762 3429 930 3499 orationem.
954 3429 989 3486 In
999 3426 1054 3486 hac
1068 3433 1164 3485 autem
1180 3427 1308 3485 oratione

139 3532 282 3604 praecipue
302 3536 426 3605 quatuor
444 3537 589 3606 petantur.
628 3533 726 3592 Primo
746 3535 780 3590 01
800 3532 870 3592 deus
884 3531 926 3588 illi
941 3531 978 3588 sit
993 3531 1142 3603 propitius.
1183 3529 1240 3590 Sed
1255 3530 1307 3605 ais,

139 3634 210 3695 illud
226 3635 368 3708 quomodo
384 3633 471 3696 faciat
488 3636 578 3696 deus?
600 3637 655 3696 hoc
668 3636 754 3695 modo
773 3638 858 3708 rogat
874 3635 1016 3711 propheta
1037 3650 1094 3707 quo
1109 3635 1183 3696 solet
1196 3635 1306 3696 miseri·
1418 3619 1422 3626 ⁴

140 3739 268 3798 cordiam
283 3740 418 3800 exhibere
433 3741 617 3802 audentibus
632 3758 735 3802 nomen
750 3756 840 3800 suum.
879 3740 918 3798 Hi
937 3740 1014 3798 enim
1034 3756 1092 3814 non
1106 3741 1308 3802 imminuentur

139 3844 216 3902 omni
230 3843 315 3918 bono,
332 3847 399 3918 quia
414 3846 607 3920 glorificantes
628 3864 659 3907 se
676 3849 745 3907 dens
768 3861 883 3919 quoque
897 3842 1048 3919 glorificat.
1088 3845 1217 3908 Secundo
1233 3852 1305 3920 orat,

138 3952 264 4008 atcerte
279 3947 329 4008 fixi
348 3952 378 4009 et
396 3948 471 4009 firmi
491 3953 549 4010 sint
562 3953 651 4026 pedes
666 3955 727 4028 ejus
742 3954 773 4011 in
787 3950 907 4011 verbum
928 3949 1048 4025 domini,
1075 3958 1104 4010 et
1123 3968 1159 4010 ne
1179 3952 1307 4023 nequitia

138 4067 304 4126 supereum
319 4061 428 4129 regnet.
468 4057 567 4116 Tertio
583 4063 615 4116 01
629 4051 733 4118 liberet
749 4074 812 4118 eum
828 4057 863 4116 de
883 4057 990 4130 injuria
1013 4056 1174 4129 hominum,
1199 4057 1228 4113 et
1246 4060 1306 4114 tum

139 4157 189 4229 ait,
205 4173 237 4218 se
252 4164 431 4219 servaturum
446 4163 668 4222 contestationes
685 4164 800 4223 domini.
836 4163 944 4235 Quarto
960 4147 990 4220 et
1002 4161 1102 4219 altimo
1117 4164 1195 4234 orat,
1211 4165 1244 4218 01
1257 4161 1307 4221 do-

139 4262 231 4322 minus
252 4279 339 4338 super
361 4266 454 4340 ipsam
473 4251 574 4326 faciam
594 4283 676 4326 suam
697 4268 837 4340 illustret,
863 4282 963 4326 servus
987 4265 1062 4324 enim
1077 4262 1184 4325 domini
1199 4269 1251 4341 ast,
1275 4273 1308 4326 nt

140 4364 243 4428 doceat
257 4383 322 4428 eum
336 4371 397 4433 vias
407 4389 483 4432 suas.
498 4373 545 4432 Ex
554 4373 616 4433 zelo
631 4377 725 4434 autem
739 4373 782 4432 1111
796 4387 860 4432 cum
875 4370 1005 4432 omnibus
1019 4370 1075 4444 piis
1089 4373 1239 4447 communi,
1256 4372 1306 4446 ait,
