2966 4900
733 337 798 401 leb

180 521 235 579 sibl
250 519 411 593 nunnus
423 520 484 592 jam
498 525 569 589 tum,
585 533 649 575 eum
663 535 682 575 a
695 525 799 577 senatu
814 534 903 590 super
916 516 1220 592 boerequisitiessent,
1236 523 1267 578 et
1279 533 1341 577 oon·

180 625 274 684 silium
289 633 318 684 et
332 640 501 699 responsum
516 637 600 680 suum
613 621 726 681 dedisse
741 631 772 682 et
785 623 847 682 sole
862 623 968 680 darius
982 630 1131 697 eonstare,
1153 622 1226 696 qnod
1242 624 1273 680 in
1286 629 1343 682 toto

180 731 254 791 libro
268 733 351 790 istius
366 731 481 789 interim
494 729 544 786 rix
557 731 618 786 tres
632 728 748 786 articuli
762 730 835 799 sint,
856 727 960 800 quibus
975 729 1087 788 sineere
1101 729 1264 786 christanus
1282 727 1344 786 sub

180 837 306 895 seribere
321 841 417 908 queat.
449 835 488 892 Et
503 833 576 906 dixi,
597 833 704 905 inquit,
725 832 849 892 dominis
863 833 934 892 meis
949 833 1113 894 oonsulibus
1127 850 1173 893 me
1188 850 1246 892 una
1259 837 1290 891 et
1303 848 1347 890 oe

180 951 259 1001 teros
274 942 333 1000 albi
346 942 450 1012 nostri,
475 939 567 997 donee
589 953 643 1009 per
664 943 795 996 senatum
818 939 900 1014 (lieet
921 945 1055 1013 respectu
1078 940 1183 998 nullius
1204 935 1346 1014 persona)

180 1047 374 1119 evangelicam
390 1044 550 1104 doctrinam
565 1058 638 1116 pure
652 1049 682 1102 et
696 1046 847 1103 sineeriter
862 1045 1010 1118 docturos,
1031 1051 1202 1117 rumpantur
1215 1044 1347 1103 advene·

180 1153 232 1210 riis
246 1151 297 1209 ilia
310 1151 356 1208 vel
371 1165 461 1207 secus.
486 1148 517 1207 Si
532 1155 627 1206 antem
640 1149 747 1208 domini
762 1151 819 1209 mei
833 1157 977 1224 verentur,
994 1151 1052 1208 illis
1066 1152 1123 1208 mei
1138 1166 1207 1224 ergo
1221 1148 1294 1222 quid
1306 1147 1348 1206 vel

180 1255 351 1314 incommodi
365 1259 416 1312 aut
430 1253 530 1328 pericli
545 1269 605 1311 sue
619 1255 784 1328 reipublice
802 1256 935 1314 decidere
955 1270 1053 1329 posse,
1076 1263 1139 1315 tum
1157 1256 1283 1316 libenter
1300 1269 1349 1328 pa·

180 1361 248 1434 tier,
264 1367 297 1419 ut
310 1360 381 1419 mibi
396 1359 432 1418 de
448 1358 506 1417 alio
518 1359 583 1418 loco
597 1361 769 1434 provideant
783 1366 813 1419 et
828 1377 864 1420 eo
880 1360 1001 1420 oouduoi
1014 1367 1186 1434 procurent,
1203 1376 1262 1420 non
1277 1359 1349 1417 enim

181 1465 308 1526 conabor
322 1468 393 1539 ipsis
407 1465 503 1524 inritis
518 1469 548 1523 et
562 1469 664 1522 oontra
678 1465 855 1524 voluntatem
870 1483 970 1526 eornm
983 1467 1212 1526 bioooneionari.
1235 1465 1270 1524 Si
1284 1477 1351 1522 reo

180 1573 236 1644 ipsi
257 1572 302 1646 (ut
322 1573 455 1645 superius
476 1569 583 1628 dietum
604 1568 660 1644 est)
683 1587 728 1629 me
751 1571 797 1628 bie
818 1571 938 1631 verbum
960 1571 1136 1647 praedicare,
1159 1577 1192 1629 ut
1212 1570 1351 1629 baetenm

181 1675 287 1735 noun
302 1683 361 1750 est,
382 1677 486 1749 velint,
509 1682 629 1750 paratus
644 1692 707 1734 sum
721 1690 813 1748 usque
828 1675 867 1733 ad
882 1681 1042 1736 extremum
1056 1679 1122 1736 vitae
1137 1676 1261 1735 halitum
1275 1671 1351 1746 apud

181 1799 232 1842 eos
246 1783 405 1841 doctrinam
419 1782 494 1840 bano
508 1788 545 1870 et¹
552 1781 736 1856 promulgare
752 1787 782 1840 et
801 1780 957 1842 defendere
979 1785 1092 1856 ipsique
1111 1783 1263 1842 inherere.
1295 1779 1350 1837 Po

181 1893 329 1961 steequam
341 1888 415 1961 juris
430 1887 577 1945 oonsultus
591 1885 641 1945 ille
655 1887 697 1945 sie
711 1885 916 1961 wolfgangum
929 1887 1113 1962 respondisse
1133 1887 1219 1959 vidit,
1240 1900 1322 1958 oum,
1339 1879 1350 1918 ¹

181 1993 287 2067 inquit,
310 1993 372 2066 ipse
385 1991 448 2050 haeo
463 1992 547 2064 diois,
570 1989 625 2049 tibi
644 1992 770 2052 obticere
789 2010 848 2053 non
867 2009 999 2066 possum,
1023 1993 1212 2052 consultatum
1233 1989 1349 2065 quidem

182 2115 244 2156 esse
264 2101 295 2155 in
314 2105 429 2170 senatu,
452 2113 521 2156 num
545 2096 584 2155 ad
603 2101 716 2170 tempus
737 2100 769 2157 in
790 2100 1025 2173 alium-aliquem
1046 2100 1139 2156 locum
1162 2093 1349 2156 destinandus

183 2217 270 2260 esses.
297 2201 355 2261 Sed
369 2203 464 2261 timuit
478 2203 672 2276 magistratus,
687 2207 727 2276 te,
743 2205 793 2276 qui
808 2219 871 2262 oum
887 2220 980 2263 annos
994 2204 1106 2277 aliquot
1119 2202 1245 2262 fideliter
1258 2202 1307 2260 hie
1319 2200 1349 2256 in

182 2307 271 2366 verbo
286 2307 393 2368 domini
406 2305 571 2380 praefueris,
596 2310 621 2365 si
636 2307 699 2366 haeo
712 2309 839 2368 conditio
853 2309 908 2368 tibi
927 2308 1092 2383 offerretur,
1116 2325 1195 2382 tegre
1214 2309 1347 2367 laturum

182 2411 232 2472 Sin
245 2429 315 2472 vero
329 2419 382 2472 tua
396 2429 468 2487 paee
482 2413 552 2472 mibi
566 2414 677 2486 liceret,
691 2413 831 2474 referrem
847 2415 968 2474 dominis
983 2415 1064 2488 meis,
1080 2431 1145 2487 qum
1159 2411 1347 2473 exteeudiri

181 2517 278 2590 Quare
293 2533 364 2592 non,
388 2520 430 2578 ait
443 2519 606 2592 Museulus,
630 2515 760 2580 faceres?
781 2521 864 2579 liam
878 2521 957 2580 idem
969 2519 1040 2577 mibi
1055 2517 1149 2580 edbne
1164 2524 1209 2578 est
1228 2519 1348 2585 animus,

181 2628 215 2680 ut
229 2639 265 2681 ex
278 2627 395 2698 mejam
410 2625 526 2684 audisti.
557 2622 782 2698 Abieratigitur
796 2623 872 2683 idem
893 2623 995 2685 doctor
1014 2625 1127 2684 senetui
1147 2624 1211 2682 beo
1229 2637 1348 2683 enarre·

179 2734 272 2802 turus,
289 2731 371 2802 quasi
387 2731 506 2804 exignus
521 2724 669 2787 Musonius
684 2745 799 2788 naseam
813 2729 887 2788 buno
901 2746 960 2788 non
975 2729 1155 2789 obolevisset
1178 2729 1218 2788 Et
1231 2729 1263 2787 id
1277 2736 1347 2788 tem·

180 2835 269 2908 poris,
286 2834 354 2893 dnm
369 2851 423 2908 ego
437 2836 516 2908 apud
530 2834 692 2896 Musonium
705 2836 737 2893 in
751 2833 860 2894 aedibus
875 2835 934 2892 suis
949 2849 1051 2909 essem,
1067 2839 1184 2893 senatus
1198 2835 1234 2893 de
1249 2849 1285 2892 eo
1300 2831 1349 2891 ab

180 2937 304 3008 legando
318 2939 464 3010 cogitarit.
495 2937 592 2998 Didiei
606 2946 636 2998 et
650 2940 756 2998 ibidem
771 2939 932 3000 Sertorium
946 2946 976 2999 et
990 2941 1062 3000 alios
1078 2940 1176 2999 decem
1191 2939 1278 2998 duoes
1297 2951 1347 3012 pe

181 3041 279 3096 ennias
298 3040 405 3099 babere
424 3022 590 3114 etelargiri
610 3043 827 3115 adpetendum
848 3045 975 3105 militem.
1012 3044 1083 3104 cun
1106 3045 1230 3120 dieerem
1252 3057 1349 3118 regem

181 3158 294 3215 qnoque
309 3141 441 3201 Franoiae
455 3147 529 3204 male
545 3145 678 3205 affectum
695 3163 757 3208 esse
773 3165 843 3224 erga
857 3168 921 3225 eos,
944 3152 995 3224 qui
1015 3151 1164 3210 sinceriter
1185 3151 1274 3210 uerbo
1295 3149 1345 3207 do

180 3249 250 3307 mini
265 3246 460 3308 adhererent:
485 3250 553 3308 Non
567 3269 628 3327 rex,
643 3256 746 3328 inquit,
762 3255 814 3314 sed
825 3257 1042 3330 parlamentum.
1066 3255 1130 3314 Etsi
1139 3251 1349 3314 interficiuntur
1462 3249 1463 3270 ¹

181 3354 287 3415 ibidem
302 3354 466 3430 Christiani,
483 3357 541 3415 imo
555 3374 671 3434 neeesse
686 3365 732 3418 est
746 3377 808 3419 esse
824 3360 930 3420 ibidem
950 3361 1139 3420 Christim.
1168 3361 1220 3418 Ait
1234 3374 1346 3434 qnoque
1462 3411 1463 3438 ,

179 3463 278 3522 mirari
300 3481 332 3523 se
354 3481 412 3524 non
434 3465 504 3524 satis
526 3479 624 3540 posse,
649 3467 727 3539 quod
749 3483 846 3525 omnes
868 3465 967 3527 modot
986 3483 1033 3526 am
1055 3465 1175 3538 abjectis
1194 3471 1224 3523 et
1238 3463 1347 3538 paridis

179 3567 282 3625 animis
301 3574 397 3629 essent
417 3570 454 3629 ob
474 3551 566 3630 minas
586 3575 710 3646 tentum,
734 3588 798 3630 eum
819 3578 915 3631 tamen
936 3570 983 3628 ha
1004 3571 1088 3630 mine
1111 3570 1271 3629 certissima
1292 3569 1346 3628 sint

179 3671 275 3740 signa,
297 3672 374 3742 qnod
389 3673 426 3731 N.
442 3675 514 3734 nibil
528 3677 574 3734 rel
588 3682 807 3752 perpetraturus
823 3677 861 3734 sit
880 3675 927 3734 vel
946 3675 975 3734 vi
996 3675 1192 3750 aggrediatur.
1223 3674 1346 3733 interro

179 3773 245 3843 gavi
259 3772 353 3843 ipsum
368 3790 497 3849 quoqne,
523 3781 547 3836 si
562 3781 631 3852 quid
646 3780 761 3841 domino
781 3783 848 3840 Vrto
870 3797 923 3839 sno
943 3781 1057 3840 nomine
1077 3781 1139 3838 dice
1160 3778 1257 3838 vellet.
1289 3777 1345 3848 Ait,

179 3881 212 3934 ut
225 3876 318 3948 ipsum
332 3876 394 3950 ejus
409 3880 524 3937 nomine
539 3883 650 3942 salvere
667 3886 798 3960 jubeam,
822 3902 857 3944 uo
874 3892 908 3945 nt
925 3885 996 3944 mibi
1018 3890 1198 3959 enarrasset,
1222 3899 1283 3943 rem
1306 3881 1346 3940 illi

181 3981 354 4057 detegerem.
385 3981 461 4040 Nem
475 3989 578 4056 putare
594 4003 638 4058 se,
662 3990 686 4045 si
701 4007 720 4047 a
734 3995 835 4049 senatu
850 3989 1027 4063 dimittatur,
1050 3995 1083 4047 ut
1097 4004 1134 4048 ex
1147 3987 1243 4050 verbis
1258 3988 1345 4061 juris·

180 4087 301 4145 oonsnlti
315 4087 391 4146 illius
407 4087 486 4147 eliud
502 4089 630 4150 divinare
645 4109 703 4151 non
718 4103 824 4168 posset,
840 4111 872 4153 se
886 4095 933 4154 uel
942 4093 1085 4153 Basileam
1097 4109 1133 4152 ve
1159 4095 1197 4153 ad
1207 4093 1346 4153 Berustee

178 4188 294 4264 iturum,
311 4192 350 4252 ed
364 4199 476 4267 tempus
491 4193 609 4268 aliquod
623 4195 717 4256 edbuo
731 4214 850 4258 uxorem
864 4203 895 4260 et
908 4199 1015 4260 liberos
1030 4199 1170 4272 Auguste
1184 4197 1343 4258 relicturus.

755 4330 772 4365 o

255 4403 420 4460 illatum.
