2948 4902
127 551 224 622 tenet,
248 545 336 607 credo
361 548 525 607 cardonum
547 547 751 606 umatomarum
770 561 829 605 non
850 545 986 604 meminit.
1024 545 1070 605 De
1084 549 1192 623 scripto
1207 554 1302 611 umen

128 654 347 727 supplicationis
362 655 438 713 inter
458 669 510 712 nos
531 655 701 712 conventum
717 656 769 710 est.
806 650 980 710 Volebamus
1002 655 1032 710 et
1054 653 1192 726 palatium
1207 651 1300 715 erebi-

127 757 211 816 dnois
227 757 325 832 adire,
349 775 449 819 rernm
467 758 518 818 nbi
537 755 642 817 iratres
658 755 715 816 illio
728 754 819 815 inisse
834 756 1033 830 cognorimus,
1058 773 1305 832 supervacaneum

130 863 216 922 nobis
231 864 324 922 risum
338 870 391 924 cst
614 870 617 874 ’
736 910 738 917 2

219 965 361 1041 Georgius
381 968 564 1041 aMoiabnrg
584 967 615 1026 in
637 967 778 1028 dominico
797 966 968 1040 Argustana
989 983 1041 1028 nos
1063 970 1211 1044 reperiens
1231 987 1301 1030 non-

128 1073 209 1132 nulla
224 1071 260 1132 de
273 1074 420 1147 responsis
434 1078 563 1133 noemam
577 1073 734 1146 principem
749 1071 986 1133 concernentibus
1000 1073 1117 1150 detexit,
1139 1075 1191 1134 sed
1205 1077 1303 1136 omnia

126 1158 191 1236 lere
206 1176 400 1250 amphibolice
415 1184 510 1239 erant.
890 1187 893 1192 “

219 1281 330 1342 Mem
344 1282 514 1342 Manciscns
529 1281 768 1342 Monaateriensis
783 1282 889 1354 praesul
903 1280 941 1341 ad
955 1280 1097 1342 loannem
1112 1289 1142 1342 et
1156 1281 1301 1342 Eubulum

128 1387 249 1446 comites
263 1386 362 1446 literas
377 1387 472 1462 dedit,
489 1389 595 1447 certior
608 1385 672 1445 lieri
688 1385 804 1459 cupiens
820 1385 856 1444 de
877 1390 955 1445 statu
969 1401 1066 1446 rerum
1081 1393 1254 1460 normarum,
1271 1395 1302 1448 et

129 1507 217 1564 quam
242 1483 433 1552 conditionem
453 1499 581 1554 nostram
600 1491 725 1563 doleret,
747 1489 924 1566 significans3
945 1492 1061 1551 interim
1075 1508 1107 1551 se
1121 1489 1252 1565 offerens,
1276 1493 1302 1550 si

128 1611 190 1668 qun
202 1597 251 1656 via
264 1596 327 1670 ipae
341 1613 393 1655 nos
404 1597 507 1680 juvare
521 1602 627 1673 posset.
665 1595 734 1656 Otto
748 1611 842 1656 comes
857 1613 875 1657 a
889 1581 1036 1672 Rethberg
1051 1597 1197 1658 nobiscnm
1212 1613 1300 1672 prau-

128 1716 178 1758 sns
193 1705 248 1760 est.

219 1803 247 1864 Δ
260 1805 383 1881 prandio
397 1807 525 1866 loannes
546 1783 639 1867 irater
661 1813 760 1868 noster
774 1813 804 1868 et
818 1807 963 1868 Adrianus
978 1823 997 1866 a
1012 1806 1133 1870 Zertzcn
1147 1807 1300 1867 electorem

128 1907 301 1973 Mauritium
322 1910 726 1986 manutenementum
749 1911 828 1988 apud
846 1929 1000 1973 occursans
1022 1912 1200 1986 majestatem
1223 1926 1299 1972 com·

129 2014 282 2075 mandatos
296 2014 402 2087 habere
417 2017 518 2091 vellet,
545 2022 575 2076 et
590 2017 790 2094 intercedere,
801 2023 834 2078 nt
844 2019 896 2078 ira·
907 2017 1030 2076 deseris
1045 2017 1076 2076 in
1090 2034 1142 2077 nos
1157 2019 1301 2092 mitigare-

129 2125 188 2194 tur,
205 2119 280 2179 aiom
292 2121 353 2194 ipse
368 2119 523 2181 Mauritius
536 2127 623 2182 antea
637 2119 668 2182 ae
683 2122 825 2184 taenmn
840 2128 997 2196 receperat,
1014 2137 1078 2180 cum
1092 2122 1169 2182 idem
1183 2103 1202 2181 a
1217 2120 1299 2180 nobis

5 2303 6 2308 ἵ
130 2228 288 2296 peteretur.
324 2224 361 2296 Is,
378 2224 454 2284 utbi
469 2224 528 2284 dno
541 2227 624 2286 nobis
638 2227 814 2301 retulerunt,
839 2243 870 2286 ae
890 2225 1002 2287 facilem
1024 2226 1155 2299 praebuit.
1194 2227 1300 2286 Verum

130 2333 196 2402 post
214 2329 316 2403 longas
337 2330 488 2390 verborum
511 2331 645 2406 ambages
663 2333 770 2406 jussit*
783 2339 816 2392 ut
829 2347 913 2391 onme
933 2331 1080 2404 negotium
1103 2331 1209 2390 obortis
1224 2346 1300 2388 com-

4 2433 6 2492 ξ
130 2433 316 2494 mitteremus.
351 2433 427 2494 Nem
443 2435 529 2495 hodie
544 2435 581 2494 ad
595 2437 774 2510 vespertinas
790 2452 904 2510 preces,
926 2436 972 2496 rel
987 2435 1113 2494 crastino
1128 2434 1229 2494 saltem
1243 2449 1305 2492 una

4 2547 5 2554 ’
130 2555 195 2598 curu
210 2539 363 2600 archiduce
376 2538 505 2600 dammae
527 2546 557 2600 et
578 2542 702 2600 electore
716 2541 995 2614 Brandenburgenee
1016 2539 1108 2600 nostri
1122 2555 1209 2598 causa
1224 2536 1301 2612 apud

131 2643 277 2704 Censorem
290 2645 463 2706 institurum.

221 2751 256 2810 ln
275 2753 372 2826 vigilia
392 2753 572 2824 penuoostee
591 2750 622 2808 in
645 2745 785 2810 dominico
807 2735 937 2808 mnonici
958 2764 1039 2810 more
1062 2765 1114 2810 suo
1136 2747 1303 2823 reboarunt,

131 2854 185 2916 sed
199 2857 247 2916 rix
261 2857 363 2930 vigimi
385 2856 515 2916 homines
534 2853 610 2926 frugi
626 2870 725 2913 eornm
739 2852 910 2913 festivitates
931 2851 1161 2928 nequentemnt.
1191 2853 1303 2914 Eadem

131 2960 162 3019 in
177 2961 290 3034 portion
306 2959 439 3028 dominici
452 2959 574 3020 vidimus
598 2959 740 3032 depictum
756 2959 938 3020 simMecrum
948 2943 1124 3020 ambitionis.
1163 2959 1238 3020 Erat
1251 2975 1302 3020 au-

131 3070 191 3122 tem
204 3061 265 3124 iera
281 3064 419 3137 ejusmodi
428 3055 555 3139 picture.
578 3065 668 3138 Virgo
684 3063 788 3124 buccas
802 3063 917 3124 inflatas
927 3071 956 3124 et
970 3065 1075 3138 rubeae
1089 3065 1207 3140 hebens,
1224 3070 1304 3124 veste

132 3167 254 3229 violacei
269 3169 372 3229 coloris
387 3167 496 3244 indutu,
517 3169 610 3242 capite
625 3169 711 3244 nuda,
733 3171 851 3230 cesarie
864 3169 940 3231 flava
955 3176 985 3230 et
1006 3172 1151 3244 crispante
1165 3171 1195 3230 in
1211 3170 1302 3230 cervi-

134 3289 195 3334 cem
209 3277 330 3348 retorta,
347 3275 436 3334 oculis
451 3275 577 3347 undique
591 3275 883 3348 circumspicientibus
902 3281 934 3336 et
946 3277 1016 3350 ipsis
1030 3275 1121 3350 limis,
1141 3275 1240 3336 subter
1255 3291 1301 3332 nr-

133 3378 234 3438 boram
248 3379 367 3454 sedens,
391 3379 476 3440 tibias
498 3384 528 3438 et
541 3379 699 3452 pedetenus
713 3379 805 3453 nuda,
826 3397 914 3455 super
927 3385 1014 3454 caput
1028 3381 1165 3453 scriptum
1179 3378 1306 3438 babebat

96 3541 99 3546 .
134 3485 256 3558 gloriam
276 3491 306 3544 et
323 3484 476 3558 bonorem,
501 3485 650 3556 eregione
665 3488 762 3543 autem
777 3467 821 3548 aui
835 3483 954 3543 verbum
968 3483 1081 3542 Ambio.
1118 3481 1193 3540 Erat
1207 3485 1304 3540 autem

133 3591 221 3648 mitra
243 3589 414 3664 episcopalia
434 3588 556 3662 alonge
576 3590 680 3663 posite.
718 3586 878 3647 Videbatur
900 3581 995 3647 autem
1010 3587 1065 3645 boc
1079 3585 1260 3646 simulacrum
1275 3584 1305 3644 id

135 3692 275 3754 denotme
289 3695 373 3768 buius
388 3695 525 3767 temporis
540 3698 573 3751 ut
587 3693 690 3752 vocem
704 3690 867 3765 spirituales
882 3691 954 3750 nibil
972 3691 1081 3756 ambire
1095 3695 1201 3766 preter
1215 3690 1303 3764 glori-

135 3812 182 3854 am
197 3802 228 3857 et
241 3800 381 3858 bonorem
394 3798 492 3858 mundi
507 3803 537 3856 et
550 3795 726 3872 episcopales
741 3811 820 3870 opes,
837 3813 894 3856 non
910 3813 1008 3870 opera.

224 3903 335 3964 Eadem
355 3905 468 3978 conjugi
490 3903 610 3976 hospitia
632 3902 766 3975 Magistri
786 3901 867 3960 Flori
890 3901 1074 3962 Marcellinus
1094 3915 1146 3962 sex
1166 3900 1307 3972 dedimus,

136 4023 192 4081 quo
208 4007 373 4083 ᾱὶῑίεοηιίιιε
388 4009 450 4082 ajns
466 4023 564 4068 curam
578 4008 706 4068 baberet.
744 4006 819 4066 Nam
841 4010 871 4066 et
884 4023 958 4081 puer
977 4023 1090 4082 quoqne
1105 4005 1216 4066 Liborii
1229 4019 1307 4062 mor-

136 4111 202 4174 bum
217 4114 315 4174 nesoio
330 4130 414 4188 quem
428 4113 578 4177 inciderat.
687 4189 689 4194 Ι
1090 4143 1092 4151 s

225 4219 335 4280 Eadem
357 4221 499 4294 principes
523 4217 584 4279 iere
605 4235 702 4278 omnes
724 4218 889 4278 cesarianis
909 4223 939 4277 et
957 4217 1044 4292 regiis
1066 4212 1194 4289 vesperis
1216 4212 1306 4270 inter·

138 4319 227 4398 inere,
242 4326 333 4400 magis
349 4325 522 4384 adulationis
538 4339 622 4398 qoem
637 4323 798 4382 devotionis
812 4338 891 4396 ergo.

226 4428 336 4490 Eadem
350 4429 520 4503 supplicatio
536 4429 581 4504 (ut
595 4423 710 4500 vocam)
733 4432 832 4487 nostra
846 4425 967 4486 comalio
983 4422 1126 4498 imperiali
1140 4420 1238 4482 oblata
1253 4424 1309 4478 est.-

1040 4529 1058 4584 7
1076 4525 1092 4559 *
