2940 4900
754 323 819 394 ato

201 519 261 587 rat,
285 511 416 588 petimus,
437 509 569 572 counitam
583 509 615 570 in
629 508 714 571 horto
734 507 963 572 deambulantem
976 510 1172 586 reperientes,
1199 507 1246 568 cui
1267 509 1368 582 postau-
1444 556 1445 559 ,

203 633 288 693 quum
303 617 376 677 diem
400 615 479 676 illum
502 615 545 674 illi
563 611 687 676 mustum
709 615 819 690 pracati
840 625 955 690 sumus,
976 615 1071 690 ipsum
1086 609 1371 688 interrogavimus

201 722 368 799 quidboni,
392 721 471 796 quod
489 719 528 780 ad
547 720 697 796 negocium
716 724 846 780 noenum
860 718 986 794 luceret,
1008 722 1181 798 accepisset.
1215 712 1371 792 Respondit,

201 843 320 905 prorsus
339 825 432 886 adhue
454 824 538 886 nihil.
577 825 689 900 Rogavi
709 824 798 900 igitur
821 830 853 885 ut
873 841 891 884 a
907 824 1077 887 coloniense
1091 823 1262 900 expiscari,
1276 822 1302 880 si
1314 818 1374 894 quii

201 931 307 994 ιιιοιιιιιι
322 931 368 1004 sit,
387 929 564 1004 dignaretur.
588 929 672 1002 Quod
687 945 718 989 se
732 931 943 1003 promptissime
953 927 1096 990 iautmnm
1110 930 1168 1004 uit,
1185 943 1222 988 ao
1237 943 1304 987 mos
1316 939 1372 984 cou-

202 1051 323 1110 surgens
344 1033 588 1107 urehiepiscopum
611 1033 698 1108 udiit,
724 1034 809 1093 nobis
833 1040 928 1094 eutem
950 1036 1045 1112 ipsum
1067 1031 1282 1095 comitantibus
1297 1027 1373 1090 dixit:

201 1141 265 1216 Ego
279 1145 360 1199 rectu
383 1138 421 1198 ud
437 1137 635 1198 Oolonieusem
659 1139 707 1198 ibo
727 1143 756 1198 et
778 1137 915 1213 quicquid
937 1153 973 1198 ex
994 1155 1030 1200 eu
1055 1153 1238 1214 cognovero,
1263 1135 1375 1196 ociuste

201 1246 308 1307 rescire
321 1243 433 1306 facium.
458 1243 550 1320 Igitur
565 1248 630 1318 post
643 1243 754 1305 boruloe
764 1243 887 1318 spatium
897 1259 1029 1319 puerum,
1045 1245 1096 1320 qui
1106 1225 1170 1306 uos'
1181 1242 1225 1303 ud
1239 1257 1273 1302 se
1287 1237 1375 1300 uenia

196 1350 323 1432 juberet,
338 1351 424 1426 misit,
441 1365 526 1424 quem
540 1349 684 1410 subsecuti
707 1365 807 1410 rursus
822 1348 956 1410 comitem
970 1351 1001 1409 in
1016 1349 1101 1412 hortu
1116 1349 1297 1410 invenimus.
1332 1343 1375 1403 Di·

201 1459 245 1518 xit
258 1457 356 1531 iisque
379 1471 410 1514 se
426 1456 574 1530 negocium
593 1455 624 1514 in
645 1459 788 1528 utrunque
811 1460 925 1529 partem
947 1453 1137 1530 perpendisse
1161 1459 1196 1515 et
1217 1459 1253 1514 ιιι
1271 1446 1375 1513 lunden

201 1579 261 1621 non
274 1562 317 1622 ita
331 1575 413 1635 nuso,
434 1561 517 1634 juxta
537 1559 735 1634 proverbium,
760 1558 1018 1633 suspenderentur,
1041 1560 1210 1624 consultum
1223 1557 1269 1618 illi
1283 1553 1375 1625 vidam,

202 1666 338 1740 quonium
353 1663 470 1724 edoctus
486 1669 571 1738 esset,
587 1679 622 1724 ea
635 1663 682 1722 die
699 1661 912 1738 Coloniensem,
936 1675 1100 1738 quanquam
1115 1679 1148 1724 se
1165 1663 1245 1724 ulum
1259 1675 1321 1722 esse
1335 1657 1375 1718 dc

201 1771 294 1843 beret,
311 1768 389 1844 apud
402 1767 549 1830 dominum
565 1768 601 1829 de
618 1765 798 1828 Grandeveis
812 1783 992 1842 pransurum.
1021 1770 1130 1830 Darem
1145 1781 1272 1844 operam
1286 1768 1318 1823 ut
1330 1776 1376 1837 per

202 1887 323 1950 puerum
337 1871 461 1948 ahquem
474 1851 539 1932 oum
553 1876 716 1947 postremus
731 1874 834 1934 missus
849 1889 955 1934 mensae
977 1877 1196 1950 imponeretur,
1219 1883 1338 1932 vocarer
1349 1870 1375 1924 tt

201 1987 262 2042 tum
276 1976 433 2054 perfricata
447 1975 548 2046 fronte,
561 1975 759 2038 coloniensem
781 1980 812 2038 in
831 1981 987 2054 presentis
1001 1978 1196 2042 (irenauvaue
1215 1971 1375 2038 accederem

201 2099 316 2158 regens,
343 2088 376 2142 ut
390 2083 468 2156 apud
483 2080 625 2142 domiuum
642 2081 679 2141 de
694 2081 877 2146 Grandemla
890 2086 1026 2160 instaret,
1041 2090 1075 2144 ιιι
1088 2081 1212 2162 is-apud
1227 2089 1373 2142 caesareum

201 2190 381 2262 maiestatem
395 2201 448 2261 pro
468 2201 512 2246 me
524 2186 705 2248 intercedere
723 2189 792 2249 velit
813 2205 847 2250 ec
861 2189 1050 2250 biaecauutem
1064 2205 1166 2264 egere,
1191 2205 1231 2249 ne
1254 2201 1291 2245 ex
1305 2178 1373 2242 omni

204 2299 287 2372 parte
303 2293 341 2354 ad
355 2293 455 2355 restim
469 2300 499 2352 et
512 2307 648 2353 summum
663 2299 862 2368 paupertatem
871 2293 1030 2370 redigetur,
1046 2294 1223 2369 eitumipse
1238 2289 1371 2356 auduom.

202 2398 271 2474 quid
285 2401 416 2476 responsi
432 2397 614 2460 Grandevela
629 2398 720 2459 daret.
757 2399 787 2460 Si
802 2415 855 2472 pro
870 2415 916 2458 me
930 2397 1109 2460 intercedere
1124 2399 1285 2474 reciperet,
1300 2401 1370 2466 spem

201 2505 294 2566 edhm
308 2505 434 2579 aliquam
449 2517 615 2580 superesse,
637 2504 793 2564 sinautem
809 2504 839 2563 id
854 2503 1008 2579 abnueret,
1025 2521 1069 2564 mc
1084 2519 1166 2579 seque
1180 2501 1368 2578 cogniturum,

201 2610 272 2685 quid
287 2626 340 2684 pro
354 2625 386 2670 re
399 2607 495 2680 iacere
510 2600 662 2683 oporteat(
674 2608 806 2668 nisime
819 2610 930 2668 animus
945 2614 1068 2670 maxime
1082 2609 1267 2682 abhorreret,
1282 2610 1368 2665 tumim

201 2715 302 2791 optimi
315 2717 371 2774 uiri
386 2715 534 2775 consilium
549 2717 632 2790 sequi
646 2716 732 2776 uolui.
772 2713 832 2775 Sub
851 2714 952 2776 horem
973 2717 1061 2788 igitur
1082 2715 1263 2776 undecimum
1279 2703 1366 2780 hospi·

201 2820 273 2880 ιιιιιιι
288 2817 476 2880 GrandcveIae
491 2819 753 2902 adeuntes-ibidem
767 2821 948 2881 ininteriora
968 2821 1044 2880 atrio
1058 2819 1307 2895 prestolabatur,
1322 2809 1366 2870 de

201 2939 255 3008 nee
269 2924 501 2998 archiepiscopus
516 2939 552 2984 ex
567 2925 709 3000 superiori
724 2925 901 3001 ambulacro,
922 2925 972 2986 ubi
986 2927 1086 3000 pransi
1100 2930 1198 3000 erunt,
1218 2915 1365 2986 descendi·

201 3031 255 3087 ret.
290 3027 334 3086 Ao
348 3032 381 3086 ιι
394 3028 516 3101 primum
536 3030 641 3088 utrium
665 3030 752 3104 illud,
775 3031 805 3090 in
820 3047 876 3104 quo
891 3031 956 3092 illos
972 3037 1163 3109 expectarem,
1188 3023 1364 3092 inmolarunt

200 3128 350 3191 confestim
366 3129 564 3192 Coloniensem
584 3135 691 3194 accessi
710 3151 833 3209 rogans,
857 3142 890 3198 ut
912 3135 989 3212 apud
1003 3135 1143 3196 illustrem
1157 3136 1305 3198 domiuum
1319 3124 1366 3204 (iit

202 3235 277 3296 euim
291 3235 388 3295 uocari
403 3234 492 3312 emet)
509 3236 545 3296 de
560 3234 741 3300 Grundeveiu
754 3240 933 3302 intercedere
947 3243 1024 3316 sciit,
1046 3247 1080 3302 ut
1093 3259 1148 3318 pro
1161 3257 1209 3302 me
1223 3235 1302 3316 apud
1314 3243 1362 3291 cii·

197 3355 314 3402 saraam
331 3340 513 3416 majestatem
531 3341 729 3418 Maecenatem,
750 3349 783 3402 ut
802 3347 934 3419 superius
955 3346 1061 3408 dietum
1079 3353 1140 3422 ast,
1165 3361 1254 3422 agero
1275 3336 1362 3402 volti

200 3447 360 3522 Respondit
375 3445 563 3510 coloniensis:
579 3439 704 3509 Faciem.
744 3449 853 3510 Putaus
869 3457 962 3512 autem
978 3450 1053 3515 forie
1067 3467 1113 3512 me
1129 3451 1164 3512 de
1178 3447 1363 3512 Ausbmamt

199 3553 288 3628 loqui,
304 3569 370 3614 mox
384 3553 502 3614 lacinias
516 3556 638 3615 vestium
653 3554 851 3616 Atrebatensis
866 3554 1109 3632 comprehendens
1130 3556 1224 3631 ipsum
1238 3553 1277 3616 ud
1290 3547 1362 3609 iens·

105 3689 108 3694 -
200 3661 289 3714 stram
304 3657 427 3730 seduxit,
442 3661 561 3732 instans,
578 3666 611 3720 ut
624 3659 693 3720 mihi
708 3659 877 3736 videbatur,
894 3661 1003 3722 sedulo.
1026 3661 1082 3722 Ast
1095 3659 1294 3721 Atrebatemis
1307 3663 1359 3714 om·

201 3759 251 3818 niu
265 3758 369 3820 bbnde
384 3765 569 3836 moliebatur,
592 3765 662 3840 quid
677 3773 773 3827 autem
788 3767 983 3842 responderit,
1006 3782 1051 3826 me
1066 3767 1147 3826 lutet.
1185 3763 1298 3851 Deinde
1312 3753 1361 3816 0⁰·

200 3861 336 3924 lobiensis
351 3862 538 3927 Grandevelae
560 3872 637 3943 patri
661 3876 691 3930 et
712 3870 778 3932 filiis
800 3873 961 3934 valedicens
983 3887 1058 3946 equo
1078 3884 1234 3934 conscenso
1248 3868 1360 3940 ιιοιιῑΓ

200 3969 255 4032 tini
268 3969 344 4030 aedes
359 3969 496 4045 accessit,
522 3971 560 4031 ad
574 3975 654 4048 cujus
674 3990 765 4050 usque
779 3977 934 4052 hospitium
955 3977 1085 4038 dominus
1106 3977 1143 4038 de
1157 3977 1237 4052 Lyre
1251 3977 1281 4036 et
1294 3968 1361 4030 allir

199 4072 323 4136 filiorum
338 4073 527 4136 Grundevelae
542 4091 615 4136 unus
629 4095 647 4138 a
661 4078 774 4140 dextris
785 4082 864 4143 alter
882 4101 901 4144 a
921 4083 1045 4144 sinistris
1060 4082 1261 4156 obequitantes
1275 4080 1359 4154 ipsun

200 4181 390 4243 deduxerunt.
415 4183 501 4274 'Quia
515 4189 611 4246 eutem
635 4184 665 4245 in
679 4186 727 4246 via
741 4185 919 4246 coloniensis
934 4192 1007 4247 nutu
1022 4203 1075 4248 nec
1088 4186 1177 4247 verbo
1192 4175 1359 4260 signiiioahtl

200 4302 231 4346 se
246 4287 316 4346 mihi
329 4304 547 4365 responsurum,
572 4289 610 4350 ed
628 4294 740 4367 tempus
759 4291 877 4367 ehqucd
896 4295 927 4353 in
941 4294 1066 4372 hospitio
1080 4293 1246 4368 moguntini
1259 4293 1358 4350 morall

199 4388 265 4467 aas,
282 4393 446 4456 arsuram
461 4395 611 4473 rumpens
626 4413 644 4460 a
660 4397 948 4473 subaugustanus,
968 4377 1188 4474 niumagensis
1202 4403 1232 4460 ιι
1245 4395 1355 4469 uosm-
