2940 4900
766 303 809 368 ab

198 485 280 550 nobit
304 503 322 548 e
343 485 571 548 breideierianse
599 487 737 546 rnonacbo
764 485 867 544 iactum
895 489 1056 542 recenseret
1077 473 1359 552 duodecennium
1459 503 1462 540 ι

197 607 283 668 super
304 591 358 652 ime
380 609 412 652 ro
436 597 555 668 peteret.
1459 607 1462 644 ι

287 697 335 774 nib
355 697 426 774 nimi
453 699 481 756 in
502 697 609 772 templo
631 696 773 756 Minorum
790 695 817 752 d.
834 693 1002 752 Leonerdus
1025 710 1060 752 ex
1074 709 1137 766 cap.
1164 687 1362 748 Merciultimo
1459 713 1462 750 ι

199 801 344 864 hiemantem
367 800 542 862 ascensionis
566 799 714 860 dominicae
738 797 909 874 perpulchre
934 799 1127 872 concinnavit,
1158 812 1197 854 ec
1210 789 1363 866 mammea
1459 817 1462 854 ι

198 905 329 966 dominus
346 909 495 982 praeturam
511 904 622 966 loeutus
638 909 682 965 est
697 904 762 962 iilis.
795 904 879 977 Quid,
896 905 997 977 inquit,
1014 904 1123 964 locutus
1140 908 1191 962 est
1206 897 1271 958 cisi
1284 895 1364 954 itini-

198 1025 260 1070 rum
276 1027 325 1071 aoe
346 1011 374 1068 in
400 1025 510 1070 omnem
532 1017 638 1070 terram
663 1009 742 1070 abiro
770 1017 799 1068 et
814 1008 990 1083 evarrgelium
1013 1009 1089 1068 omni
1106 1011 1256 1065 creaturae
1270 999 1365 1075 predi·
1461 1029 1462 1066 ι

197 1131 263 1176 «rere
276 1115 362 1188 joran
377 1120 430 1174 otc.
456 1114 589 1176 Sublatue
605 1123 648 1176 est
663 1117 691 1174 in
708 1113 805 1188 coelos,
822 1120 851 1173 et
865 1113 895 1172 id
911 1129 968 1172 non
984 1109 1191 1185 adjuvantibus
1207 1105 1326 1180 angelis,
1339 1109 1366 1160 ut
1460 1132 1462 1158 a

198 1219 326 1280 nonnulli
341 1219 469 1280 heretici
485 1221 670 1282 somniarunt.
696 1219 751 1280 Sed
767 1219 839 1277 sicut
854 1219 982 1278 Christus
994 1234 1095 1292 pessus
1109 1222 1155 1276 est
1171 1220 1205 1273 et
1216 1209 1368 1272 resurrexit
1461 1237 1462 1276 ι

197 1341 250 1402 pro
275 1325 356 1388 nobie
378 1326 483 1388 virtute
504 1327 634 1400 proprie,
657 1328 695 1386 ita
717 1341 829 1400 quoque
849 1326 972 1399 glomere
994 1322 1123 1384 ascendit
1147 1320 1189 1380 ed
1205 1317 1306 1388 caelos.
1334 1312 1368 1369 Et
1461 1343 1462 1380 ι

198 1429 264 1506 quid
287 1447 382 1492 rerum
406 1431 444 1492 ibi
466 1431 547 1506 agit?
588 1429 673 1490 Sedet
697 1429 734 1490 ed
750 1429 897 1491 dexteram
918 1431 1008 1502 patris
1030 1430 1059 1486 in
1075 1428 1232 1499 majestate
1248 1419 1368 1496 ejusdem
1461 1451 1462 1486 ι

198 1551 281 1596 rarus
296 1537 366 1598 dene
383 1543 410 1598 et
426 1537 510 1600 bomo
526 1553 578 1612 pro
606 1533 688 1595 rrobis
704 1534 906 1610 interpellans,
932 1533 1024 1607 grana
1048 1537 1143 1590 eutem
1158 1547 1216 1588 sna
1232 1534 1263 1588 ct
1278 1526 1368 1586 divina
1461 1539 1462 1590 i

198 1643 353 1718 praesentio
369 1642 514 1704 nobiscum
531 1639 644 1701 iuturus
660 1656 749 1714 usque
766 1639 803 1700 ed
819 1640 1087 1700 consummationem
1103 1636 1206 1694 seculi.
1248 1632 1309 1707 Ipsi
1322 1644 1367 1687 au·
1461 1663 1462 1696 ,

198 1753 255 1806 tem
269 1752 405 1808 exeuntes
418 1747 612 1822 predicabant
620 1747 648 1806 in
661 1746 790 1807 ornnibue
800 1745 868 1804 locis
880 1749 932 1804 etc.
949 1743 1004 1802 Hic
1015 1742 1151 1815 videmus,
1166 1741 1275 1813 inquit,
1290 1749 1368 1810 quam

198 1849 313 1911 domino
335 1865 411 1910 curae
436 1849 530 1924 inerit,
555 1849 705 1927 predicari
728 1850 906 1924 evangelium
926 1855 955 1908 et
976 1849 1033 1908 id
1025 1864 1133 1922 ipsum,
1157 1851 1192 1905 ut
1208 1859 1300 1916 supra
1314 1841 1366 1899 dic·
1461 1869 1462 1906 ι

160 1945 167 1989 ¹
199 1961 259 2016 tum
275 1960 328 2028 est,
345 1957 419 2016 omni
436 1960 584 2016 creature
608 1955 662 2016 Hic
679 1963 773 2018 numm
789 1971 841 2016 nec
856 1955 900 2014 vir
915 1969 967 2014 uec
981 1951 1106 2043 tremine,
1123 1966 1176 2038 nec
1191 1965 1305 2021 servus,
1321 1960 1368 2004 nec
1461 1971 1462 2000 ι

198 2076 317 2136 pauper,
334 2059 482 2136 necdives,
494 2059 855 2122 autGraecnsautdndaeus
857 2060 988 2134 ,Scythm
998 2031 1366 2118 Germanueantbarberus
1460 2078 1462 2117 ι

200 2165 349 2242 excipitur
389 2166 462 2238 Quia
477 2183 535 2228 non
551 2155 594 2226 est
608 2184 797 2242 personarum
811 2166 939 2242 acceptio
954 2164 1032 2240 epod
1046 2163 1153 2236 Deum,
1176 2161 1233 2222 sed
1246 2176 1284 2219 ex
1298 2154 1367 2216 omui

200 2278 285 2348 gente
301 2277 329 2332 et
344 2277 422 2332 terre
437 2273 540 2348 recipit
555 2288 622 2346 nos,
653 2275 676 2333 ai
696 2275 783 2334 modo
806 2271 918 2332 Christo
943 2271 1005 2345 quis
1025 2271 1134 2328 haereat
1152 2277 1181 2326 et
1203 2265 1296 2327 verbo
1310 2262 1365 2334 eius
1461 2271 1462 2300 t

200 2377 322 2440 audiens
335 2376 431 2438 fuerit.
454 2378 494 2438 Et
508 2383 588 2438 tuoto
611 2377 687 2439 bono
702 2395 785 2439 nemo
801 2376 970 2449 excluditur,
994 2376 1049 2434 nisi
1071 2375 1119 2447 qui
1133 2371 1303 2432 incredulus
1318 2371 1364 2426 est.

199 2483 287 2545 dubet
301 2489 397 2543 autem
412 2481 564 2556 praedicuri
579 2483 767 2556 Evangelium
782 2489 811 2543 et
825 2484 880 2542 boe
895 2483 1017 2542 unicum.
1051 2480 1221 2539 sicutenim
1238 2491 1312 2536 uuus
1326 2477 1365 2530 est

199 2586 278 2648 Deus
295 2593 325 2647 et
338 2603 412 2646 unus
427 2585 567 2648 mediator
581 2587 667 2650 desae
678 2586 817 2661 cbristus,
834 2589 876 2647 ite
891 2602 942 2648 nec
958 2593 1001 2646 est
1016 2600 1069 2644 nec
1084 2585 1139 2643 erit
1153 2583 1210 2642 nisi
1225 2589 1364 2642 unsvers
1454 2603 1455 2610 ι

200 2697 230 2750 et
244 2696 384 2767 perpetua
398 2691 500 2766 religio
516 2698 545 2753 et
559 2694 660 2754 unicus
680 2709 764 2754 verus
779 2692 833 2752 Dei
849 2692 951 2765 cultus,
974 2690 1092 2750 credere
1107 2689 1216 2748 scilicet
1230 2691 1262 2748 in
1277 2686 1363 2746 menn
1453 2693 1455 2767 ’χ

202 2803 313 2880 patrem
330 2803 358 2856 et
374 2813 458 2870 quem
473 2798 550 2856 misit
564 2796 654 2858 filium
669 2801 699 2858 in
714 2803 813 2858 nostre
829 2812 915 2857 cerne
930 2796 966 2856 ad
984 2795 1131 2854 dexterum
1145 2794 1206 2866 ejus
1223 2792 1363 2854 sedentem

200 2900 299 2958 desum
314 2898 468 2960 dominum.
507 2901 590 2960 Hunc
604 2902 752 2963 laudemus
768 2917 831 2960 cum
847 2906 931 2976 patre
947 2905 976 2958 et
991 2916 1014 2958 s.
1031 2899 1133 2973 spiritu
1148 2899 1177 2956 in
1194 2883 1364 2972 sempiterna
1454 2867 1456 2950 Ῐ

201 3004 306 3062 secula.
340 3002 422 3064 Grati
437 3005 524 3078 igitur
540 3005 626 3072 simus
643 3006 757 3064 domiuo
771 3004 808 3066 de
822 3007 948 3080 glorioso
963 3020 1015 3063 sue
1029 3003 1195 3062 ascensione
1210 3009 1241 3062 et
1254 3004 1362 3069 scnne·
1455 3051 1456 3056 ,

200 3121 262 3164 mus
279 3121 343 3165 enm
359 3122 402 3179 eo,
419 3123 475 3180 quo
495 3107 632 3181 escendit,
655 3112 743 3182 sequi.
783 3090 924 3169 Recitavit
944 3114 973 3168 et
987 3109 1184 3182 prescriptam
1198 3106 1360 3167 orationem,

201 3226 257 3286 qna
272 3211 431 3282 orabemnr,
456 3215 486 3270 ut
502 3210 630 3272 Christus
651 3213 688 3272 ad
711 3213 840 3272 dextram
856 3214 911 3272 Dei
927 3215 1017 3288 petris
1033 3213 1135 3272 sedens
1155 3211 1263 3271 animos
1280 3202 1363 3276 omni·
1456 3237 1457 3296 ι

200 3332 247 3376 um
263 3321 388 3378 nostrum
406 3333 455 3391 eo,
473 3316 544 3376 obi
537 3333 597 3392 rpse
614 3324 670 3393 cst,
693 3317 817 3392 dirigere
838 3318 1019 3392 dignaretur,
1046 3324 1076 3376 et
1095 3315 1209 3375 interim
1231 3314 1314 3373 nobis
1335 3309 1362 3366 in
1457 3313 1458 3320 ’

200 3426 278 3484 terre
293 3439 344 3484 suo
361 3425 476 3484 numine
492 3423 633 3498 propitius
648 3423 748 3487 edesse
764 3423 840 3482 velit.

289 3531 378 3590 Fama
392 3529 485 3590 fertur
501 3528 621 3590 Cereris
637 3527 828 3602 veredarium,
845 3530 894 3602 qui
909 3531 984 3588 inter
1000 3529 1119 3588 Romam
1141 3531 1169 3584 et
1183 3523 1360 3585 Mechliniuffl
1459 3563 1462 3618 Ι

200 3636 339 3695 cursitare
355 3636 510 3710 consuevit,
527 3649 585 3694 non
601 3635 700 3712 procui
716 3651 734 3694 s
749 3634 833 3708 Spira
848 3634 1028 3708 vangionum
1043 3637 1073 3690 e
1060 3632 1235 3690 blitarerum
1250 3628 1361 3688 fascicu-

199 3736 233 3797 iir
251 3743 279 3796 et
294 3739 424 3812 nummis,
441 3741 538 3800 nescio
554 3755 572 3798 a
587 3743 697 3815 quibus,
715 3745 831 3801 exutum
846 3755 917 3797 esse.

290 3839 359 3898 (ium
385 3841 445 3900 dies
468 3841 539 3902 duos
562 3843 811 3904 intermisissemns
835 3829 921 3902 hodie
943 3858 1042 3900 rursus
1058 3843 1135 3916 apud
1149 3842 1360 3900 Atrebatensem
1461 3871 1462 3878 ι

201 3943 381 4005 sollicitatum
397 3945 515 4004 ibe-mus.
541 3947 647 4004 Verum
661 3949 686 4005 is
702 3955 768 4008 ante
779 3948 934 4008 adventum
949 3952 1078 4006 noetmrm
1093 3947 1132 4006 ed
1146 3953 1259 4020 patrem
1273 3952 1361 4005 uane-

200 4049 283 4110 ieret.
327 4051 428 4122 Itaque
443 4049 472 4108 in
488 4048 597 4108 aedibus
612 4051 753 4126 Fuggeri,
779 4054 803 4110 si
818 4051 892 4112 forte
908 4053 1008 4124 exiret,
1025 4052 1272 4126 praestolabamur.
1311 4045 1361 4110 Sed

201 4155 249 4216 ubi
265 4155 413 4216 didicimus
430 4171 493 4214 eum
508 4152 613 4214 ibidem
629 4171 801 4229 pransurum
816 4173 888 4231 esee,
905 4174 937 4216 re
952 4156 1056 4216 iniectu
1069 4156 1220 4228 hospitium
1235 4158 1360 4229 petimus.
1460 4077 1462 4230 ἵ

200 4260 245 4320 Ne
260 4266 355 4321 temen
370 4277 452 4320 omne
468 4261 560 4320 oleum
577 4263 606 4316 et
621 4275 738 4334 operam
754 4261 948 4336 perderemus,
972 4261 1129 4320 Wolredus
1144 4277 1207 4329 cum
1223 4261 1359 4320 cubicula·

201 4365 244 4426 rio
260 4367 386 4442 episcopi
402 4368 468 4440 egit,
485 4372 516 4426 ut
531 4365 608 4440 epod
624 4364 775 4438 praesulem
792 4381 873 4422 suum
889 4367 979 4424 nostri
1001 4367 1172 4426 mentionem
1186 4363 1304 4440 faceret,
1319 4380 1359 4424 ro-
