<?xml version="1.0" encoding="UTF-8"?>
<!DOCTYPE html PUBLIC "-//W3C//DTD XHTML 1.0 Transitional//EN"
    "http://www.w3.org/TR/xhtml1/DTD/xhtml1-transitional.dtd">
<html xmlns="http://www.w3.org/1999/xhtml" xml:lang="en" lang="en">
 <head>
  <title>
</title>
<meta http-equiv="Content-Type" content="text/html;charset=utf-8" />
  <meta name='ocr-system' content='tesseract 3.04.00' />
  <meta name='ocr-capabilities' content='ocr_page ocr_carea ocr_par ocr_line ocrx_word'/>
</head>
<body>
  <div class='ocr_page' id='page_1' title='image "./desgrafenwolrad01trosgoog_0046.png"; bbox 0 0 3028 4894; ppageno 0'>
   <div class='ocr_carea' id='block_1_1' title="bbox 703 349 746 417">
    <p class='ocr_par' dir='ltr' id='par_1_1' title="bbox 703 349 746 417">
     <span class='ocr_line' id='line_1_1' title="bbox 703 349 746 417; baseline 0 0"><span class='ocrx_word' id='word_1_1' title='bbox 703 349 746 417; x_wconf 81' lang='lat'><strong>³3</strong></span> 
     </span>
    </p>
   </div>
   <div class='ocr_carea' id='block_1_2' title="bbox 137 532 1310 821">
    <p class='ocr_par' dir='ltr' id='par_1_2' title="bbox 137 532 1310 821">
     <span class='ocr_line' id='line_1_2' title="bbox 228 532 1307 612; baseline 0.004 -18"><span class='ocrx_word' id='word_1_2' title='bbox 228 533 476 610; x_wconf 72' lang='lat' dir='ltr'><strong>Constantinopoli</strong></span> <span class='ocrx_word' id='word_1_3' title='bbox 498 533 584 594; x_wconf 87' lang='lat' dir='ltr'><strong>etiam</strong></span> <span class='ocrx_word' id='word_1_4' title='bbox 605 532 771 608; x_wconf 83' lang='lat' dir='ltr'><strong>refragante</strong></span> <span class='ocrx_word' id='word_1_5' title='bbox 790 535 958 609; x_wconf 83' lang='lat' dir='ltr'><strong>patriarcba</strong></span> <span class='ocrx_word' id='word_1_6' title='bbox 977 536 1165 610; x_wconf 85' lang='lat' dir='ltr'><strong>permissione</strong></span> <span class='ocrx_word' id='word_1_7' title='bbox 1184 537 1307 612; x_wconf 86' lang='lat' dir='ltr'><strong>impera·</strong></span> 
     </span>
     <span class='ocr_line' id='line_1_3' title="bbox 137 637 1310 713; baseline 0.001 -14"><span class='ocrx_word' id='word_1_8' title='bbox 137 640 209 699; x_wconf 90' lang='lat' dir='ltr'><strong>toris</strong></span> <span class='ocrx_word' id='word_1_9' title='bbox 225 641 328 700; x_wconf 88' lang='lat' dir='ltr'><strong>turoioi</strong></span> <span class='ocrx_word' id='word_1_10' title='bbox 342 640 461 700; x_wconf 87' lang='lat' dir='ltr'><strong>verbnm</strong></span> <span class='ocrx_word' id='word_1_11' title='bbox 478 639 586 698; x_wconf 92' lang='lat' dir='ltr'><strong>domini</strong></span> <span class='ocrx_word' id='word_1_12' title='bbox 600 639 711 699; x_wconf 88' lang='lat' dir='ltr'><strong>sineere</strong></span> <span class='ocrx_word' id='word_1_13' title='bbox 733 637 915 713; x_wconf 83' lang='lat' dir='ltr'><strong>praedicatur.</strong></span> <span class='ocrx_word' id='word_1_14' title='bbox 948 639 1116 702; x_wconf 79' lang='lat' dir='ltr'><strong>Ger-hardus</strong></span> <span class='ocrx_word' id='word_1_15' title='bbox 1137 642 1310 703; x_wconf 85' lang='lat' dir='ltr'><strong>Heddewioh</strong></span> 
     </span>
     <span class='ocr_line' id='line_1_4' title="bbox 138 742 1002 821; baseline 0.005 -19"><span class='ocrx_word' id='word_1_16' title='bbox 138 742 317 804; x_wconf 85' lang='lat' dir='ltr'><strong>Ferdinandi</strong></span> <span class='ocrx_word' id='word_1_17' title='bbox 333 745 409 818; x_wconf 89' lang='lat' dir='ltr'><strong>regis</strong></span> <span class='ocrx_word' id='word_1_18' title='bbox 425 744 464 803; x_wconf 91' lang='lat' dir='ltr'><strong>ad</strong></span> <span class='ocrx_word' id='word_1_19' title='bbox 479 745 604 803; x_wconf 76' lang='lat' dir='ltr'><strong>Turtam</strong></span> <span class='ocrx_word' id='word_1_20' title='bbox 619 746 776 819; x_wconf 75' lang='lat' dir='ltr'><strong>sepissime</strong></span> <span class='ocrx_word' id='word_1_21' title='bbox 791 746 918 820; x_wconf 89' lang='lat' dir='ltr'><strong>legatum</strong></span> <span class='ocrx_word' id='word_1_22' title='bbox 933 749 1002 821; x_wconf 84' lang='lat' dir='ltr'><strong>agit.</strong></span> 
     </span>
    </p>
   </div>
   <div class='ocr_carea' id='block_1_3' title="bbox 140 848 1320 4084">
    <p class='ocr_par' dir='ltr' id='par_1_3' title="bbox 140 848 1308 1029">
     <span class='ocr_line' id='line_1_5' title="bbox 228 848 1308 927; baseline 0.004 -19"><span class='ocrx_word' id='word_1_23' title='bbox 228 849 307 909; x_wconf 86' lang='lat' dir='ltr'><strong>Nota</strong></span> <span class='ocrx_word' id='word_1_24' title='bbox 322 848 476 910; x_wconf 84' lang='lat' dir='ltr'><strong>Pedionao</strong></span> <span class='ocrx_word' id='word_1_25' title='bbox 490 855 584 925; x_wconf 82' lang='lat' dir='ltr'><strong>poeta</strong></span> <span class='ocrx_word' id='word_1_26' title='bbox 600 849 639 927; x_wconf 91' lang='lat' dir='ltr'><strong>(si</strong></span> <span class='ocrx_word' id='word_1_27' title='bbox 652 850 706 910; x_wconf 93' lang='lat' dir='ltr'><strong>diis</strong></span> <span class='ocrx_word' id='word_1_28' title='bbox 722 848 828 927; x_wconf 85' lang='lat' dir='ltr'><strong>placet)</strong></span> <span class='ocrx_word' id='word_1_29' title='bbox 852 851 1088 924; x_wconf 72' lang='lat' dir='ltr'><strong>ingratitudinem</strong></span> <span class='ocrx_word' id='word_1_30' title='bbox 1107 853 1145 912; x_wconf 88' lang='lat' dir='ltr'><strong>ab</strong></span> <span class='ocrx_word' id='word_1_31' title='bbox 1165 851 1308 926; x_wconf 85' lang='lat' dir='ltr'><strong>Angusta·</strong></span> 
     </span>
     <span class='ocr_line' id='line_1_6' title="bbox 140 955 296 1029; baseline 0 -15"><span class='ocrx_word' id='word_1_32' title='bbox 140 956 186 1014; x_wconf 90' lang='lat' dir='ltr'><strong>nis</strong></span> <span class='ocrx_word' id='word_1_33' title='bbox 201 955 296 1029; x_wconf 87' lang='lat' dir='ltr'><strong>objici.</strong></span> 
     </span>
    </p>

    <p class='ocr_par' dir='ltr' id='par_1_4' title="bbox 140 1059 1310 1239">
     <span class='ocr_line' id='line_1_7' title="bbox 229 1059 1310 1138; baseline 0.002 -18"><span class='ocrx_word' id='word_1_34' title='bbox 229 1059 344 1120; x_wconf 90' lang='lat' dir='ltr'><strong>Ulrious</strong></span> <span class='ocrx_word' id='word_1_35' title='bbox 356 1059 618 1133; x_wconf 88' lang='lat' dir='ltr'><strong>Wirtenbergensis</strong></span> <span class='ocrx_word' id='word_1_36' title='bbox 635 1059 693 1120; x_wconf 86' lang='lat' dir='ltr'><strong>dux</strong></span> <span class='ocrx_word' id='word_1_37' title='bbox 707 1060 798 1118; x_wconf 91' lang='lat' dir='ltr'><strong>multa</strong></span> <span class='ocrx_word' id='word_1_38' title='bbox 812 1059 951 1120; x_wconf 86' lang='lat' dir='ltr'><strong>devorare</strong></span> <span class='ocrx_word' id='word_1_39' title='bbox 967 1062 1087 1137; x_wconf 88' lang='lat' dir='ltr'><strong>cogitur,</strong></span> <span class='ocrx_word' id='word_1_40' title='bbox 1111 1062 1162 1122; x_wconf 91' lang='lat' dir='ltr'><strong>sed</strong></span> <span class='ocrx_word' id='word_1_41' title='bbox 1176 1078 1242 1138; x_wconf 91' lang='lat' dir='ltr'><strong>spes</strong></span> <span class='ocrx_word' id='word_1_42' title='bbox 1257 1068 1310 1137; x_wconf 87' lang='lat' dir='ltr'><strong>est,</strong></span> 
     </span>
     <span class='ocr_line' id='line_1_8' title="bbox 140 1165 923 1239; baseline -0.001 -16"><span class='ocrx_word' id='word_1_43' title='bbox 140 1171 305 1239; x_wconf 82' lang='lat' dir='ltr'><strong>sperantem</strong></span> <span class='ocrx_word' id='word_1_44' title='bbox 319 1167 350 1222; x_wconf 92' lang='lat' dir='ltr'><strong>in</strong></span> <span class='ocrx_word' id='word_1_45' title='bbox 365 1165 519 1224; x_wconf 89' lang='lat' dir='ltr'><strong>Dominum</strong></span> <span class='ocrx_word' id='word_1_46' title='bbox 533 1165 730 1224; x_wconf 82' lang='lat' dir='ltr'><strong>misericordia</strong></span> <span class='ocrx_word' id='word_1_47' title='bbox 744 1165 923 1224; x_wconf 81' lang='lat' dir='ltr'><strong>circumdari.</strong></span> 
     </span>
    </p>

    <p class='ocr_par' dir='ltr' id='par_1_5' title="bbox 142 1268 1309 1435">
     <span class='ocr_line' id='line_1_9' title="bbox 229 1268 1309 1346; baseline -0.001 -16"><span class='ocrx_word' id='word_1_48' title='bbox 229 1271 369 1330; x_wconf 84' lang='lat' dir='ltr'><strong>Dominus</strong></span> <span class='ocrx_word' id='word_1_49' title='bbox 381 1270 416 1330; x_wconf 92' lang='lat' dir='ltr'><strong>de</strong></span> <span class='ocrx_word' id='word_1_50' title='bbox 427 1271 516 1346; x_wconf 83' lang='lat' dir='ltr'><strong>Lyra,</strong></span> <span class='ocrx_word' id='word_1_51' title='bbox 533 1273 582 1344; x_wconf 89' lang='lat' dir='ltr'><strong>qui</strong></span> <span class='ocrx_word' id='word_1_52' title='bbox 593 1272 680 1331; x_wconf 90' lang='lat' dir='ltr'><strong>etiam</strong></span> <span class='ocrx_word' id='word_1_53' title='bbox 690 1269 773 1331; x_wconf 90' lang='lat' dir='ltr'><strong>nobis</strong></span> <span class='ocrx_word' id='word_1_54' title='bbox 789 1269 936 1330; x_wconf 90' lang='lat' dir='ltr'><strong>adeundus</strong></span> <span class='ocrx_word' id='word_1_55' title='bbox 950 1268 1061 1345; x_wconf 86' lang='lat' dir='ltr'><strong>fuisset,</strong></span> <span class='ocrx_word' id='word_1_56' title='bbox 1077 1271 1150 1330; x_wconf 82' lang='lat' dir='ltr'><strong>lecto</strong></span> <span class='ocrx_word' id='word_1_57' title='bbox 1165 1275 1309 1344; x_wconf 74' lang='lat' dir='ltr'><strong>agrotans</strong></span> 
     </span>
     <span class='ocr_line' id='line_1_10' title="bbox 142 1373 770 1435; baseline -0.008 -1"><span class='ocrx_word' id='word_1_58' title='bbox 142 1373 296 1435; x_wconf 82' lang='lat' dir='ltr'><strong>decumbit.</strong></span> <span class='ocrx_word' id='word_1_59' title='bbox 767 1423 770 1429; x_wconf 20' lang='lat' dir='ltr'><strong>t</strong></span> 
     </span>
    </p>

    <p class='ocr_par' dir='ltr' id='par_1_6' title="bbox 140 1476 1311 1752">
     <span class='ocr_line' id='line_1_11' title="bbox 230 1476 1306 1558; baseline -0.005 -15"><span class='ocrx_word' id='word_1_60' title='bbox 230 1483 376 1543; x_wconf 88' lang='lat' dir='ltr'><strong>Sertorius</strong></span> <span class='ocrx_word' id='word_1_61' title='bbox 391 1483 513 1542; x_wconf 87' lang='lat' dir='ltr'><strong>Basileae</strong></span> <span class='ocrx_word' id='word_1_62' title='bbox 528 1499 581 1558; x_wconf 91' lang='lat' dir='ltr'><strong>pro</strong></span> <span class='ocrx_word' id='word_1_63' title='bbox 595 1483 672 1542; x_wconf 90' lang='lat' dir='ltr'><strong>mille</strong></span> <span class='ocrx_word' id='word_1_64' title='bbox 688 1487 717 1542; x_wconf 88' lang='lat' dir='ltr'><strong>et</strong></span> <span class='ocrx_word' id='word_1_65' title='bbox 731 1481 867 1540; x_wconf 83' lang='lat' dir='ltr'><strong>trecentis</strong></span> <span class='ocrx_word' id='word_1_66' title='bbox 881 1476 997 1539; x_wconf 87' lang='lat' dir='ltr'><strong>florenis</strong></span> <span class='ocrx_word' id='word_1_67' title='bbox 1012 1479 1089 1540; x_wconf 83' lang='lat' dir='ltr'><strong>aedes</strong></span> <span class='ocrx_word' id='word_1_68' title='bbox 1104 1485 1221 1540; x_wconf 87' lang='lat' dir='ltr'><strong>emerat.</strong></span> <span class='ocrx_word' id='word_1_69' title='bbox 1250 1481 1306 1541; x_wconf 83' lang='lat' dir='ltr'><strong>Ve-</strong></span> 
     </span>
     <span class='ocr_line' id='line_1_12' title="bbox 140 1584 1311 1664; baseline 0.001 -19"><span class='ocrx_word' id='word_1_70' title='bbox 140 1603 205 1645; x_wconf 88' lang='lat' dir='ltr'><strong>rum</strong></span> <span class='ocrx_word' id='word_1_71' title='bbox 219 1586 269 1647; x_wconf 91' lang='lat' dir='ltr'><strong>ubi</strong></span> <span class='ocrx_word' id='word_1_72' title='bbox 280 1585 465 1648; x_wconf 77' lang='lat' dir='ltr'><strong>Sebastianus</strong></span> <span class='ocrx_word' id='word_1_73' title='bbox 476 1588 686 1664; x_wconf 87' lang='lat' dir='ltr'><strong>Vogelsperger</strong></span> <span class='ocrx_word' id='word_1_74' title='bbox 695 1587 789 1661; x_wconf 84' lang='lat' dir='ltr'><strong>eapite</strong></span> <span class='ocrx_word' id='word_1_75' title='bbox 804 1586 905 1660; x_wconf 87' lang='lat' dir='ltr'><strong>plexus</strong></span> <span class='ocrx_word' id='word_1_76' title='bbox 922 1592 974 1661; x_wconf 90' lang='lat' dir='ltr'><strong>est,</strong></span> <span class='ocrx_word' id='word_1_77' title='bbox 993 1585 1134 1646; x_wconf 85' lang='lat' dir='ltr'><strong>Sohartell</strong></span> <span class='ocrx_word' id='word_1_78' title='bbox 1148 1588 1178 1647; x_wconf 93' lang='lat' dir='ltr'><strong>in</strong></span> <span class='ocrx_word' id='word_1_79' title='bbox 1189 1584 1311 1646; x_wconf 83' lang='lat' dir='ltr'><strong>Galliam</strong></span> 
     </span>
     <span class='ocr_line' id='line_1_13' title="bbox 141 1693 292 1752; baseline 0.007 -3"><span class='ocrx_word' id='word_1_80' title='bbox 141 1693 292 1752; x_wconf 79' lang='lat' dir='ltr'><strong>noncessit.</strong></span> 
     </span>
    </p>

    <p class='ocr_par' dir='ltr' id='par_1_7' title="bbox 230 1795 1232 1886">
     <span class='ocr_line' id='line_1_14' title="bbox 230 1795 1232 1886; baseline 0.012 -30"><span class='ocrx_word' id='word_1_81' title='bbox 230 1797 278 1856; x_wconf 82' lang='lat' dir='ltr'><strong>Ex</strong></span> <span class='ocrx_word' id='word_1_82' title='bbox 292 1795 412 1856; x_wconf 85' lang='lat' dir='ltr'><strong>Interim</strong></span> <span class='ocrx_word' id='word_1_83' title='bbox 427 1797 535 1858; x_wconf 88' lang='lat' dir='ltr'><strong>interit.</strong></span> <span class='ocrx_word' id='word_1_84' title='bbox 1230 1881 1232 1886; x_wconf 68' lang='lat'>,</span> 
     </span>
    </p>

    <p class='ocr_par' dir='ltr' id='par_1_8' title="bbox 142 1901 1311 2190">
     <span class='ocr_line' id='line_1_15' title="bbox 232 1901 1311 1979; baseline 0.003 -19"><span class='ocrx_word' id='word_1_85' title='bbox 232 1901 310 1962; x_wconf 89' lang='lat' dir='ltr'><strong>Nota</strong></span> <span class='ocrx_word' id='word_1_86' title='bbox 325 1902 361 1962; x_wconf 93' lang='lat' dir='ltr'><strong>de</strong></span> <span class='ocrx_word' id='word_1_87' title='bbox 374 1901 486 1962; x_wconf 86' lang='lat' dir='ltr'><strong>Bilokio</strong></span> <span class='ocrx_word' id='word_1_88' title='bbox 502 1909 531 1962; x_wconf 89' lang='lat' dir='ltr'><strong>et</strong></span> <span class='ocrx_word' id='word_1_89' title='bbox 546 1919 590 1976; x_wconf 86' lang='lat' dir='ltr'><strong>eo,</strong></span> <span class='ocrx_word' id='word_1_90' title='bbox 608 1904 657 1976; x_wconf 92' lang='lat' dir='ltr'><strong>qui</strong></span> <span class='ocrx_word' id='word_1_91' title='bbox 673 1920 705 1963; x_wconf 89' lang='lat' dir='ltr'><strong>se</strong></span> <span class='ocrx_word' id='word_1_92' title='bbox 719 1903 761 1962; x_wconf 91' lang='lat' dir='ltr'><strong>illi</strong></span> <span class='ocrx_word' id='word_1_93' title='bbox 776 1905 807 1962; x_wconf 92' lang='lat' dir='ltr'><strong>in</strong></span> <span class='ocrx_word' id='word_1_94' title='bbox 822 1909 1009 1979; x_wconf 88' lang='lat' dir='ltr'><strong>personatum</strong></span> <span class='ocrx_word' id='word_1_95' title='bbox 1023 1901 1160 1964; x_wconf 83' lang='lat' dir='ltr'><strong>famulum</strong></span> <span class='ocrx_word' id='word_1_96' title='bbox 1169 1904 1311 1978; x_wconf 85' lang='lat' dir='ltr'><strong>adjunxit,</strong></span> 
     </span>
     <span class='ocr_line' id='line_1_16' title="bbox 143 2008 1310 2083; baseline 0.002 -19"><span class='ocrx_word' id='word_1_97' title='bbox 143 2022 200 2081; x_wconf 91' lang='lat' dir='ltr'><strong>quo</strong></span> <span class='ocrx_word' id='word_1_98' title='bbox 215 2008 352 2081; x_wconf 78' lang='lat' dir='ltr'><strong>nequitia</strong></span> <span class='ocrx_word' id='word_1_99' title='bbox 368 2023 427 2067; x_wconf 87' lang='lat' dir='ltr'><strong>susa</strong></span> <span class='ocrx_word' id='word_1_100' title='bbox 443 2025 550 2082; x_wconf 85' lang='lat' dir='ltr'><strong>gnarm</strong></span> <span class='ocrx_word' id='word_1_101' title='bbox 565 2011 684 2083; x_wconf 90' lang='lat' dir='ltr'><strong>nostris,</strong></span> <span class='ocrx_word' id='word_1_102' title='bbox 706 2008 776 2082; x_wconf 89' lang='lat' dir='ltr'><strong>quid</strong></span> <span class='ocrx_word' id='word_1_103' title='bbox 789 2009 899 2070; x_wconf 83' lang='lat' dir='ltr'><strong>bicolor</strong></span> <span class='ocrx_word' id='word_1_104' title='bbox 913 2009 961 2068; x_wconf 91' lang='lat' dir='ltr'><strong>ille</strong></span> <span class='ocrx_word' id='word_1_105' title='bbox 976 2011 1132 2069; x_wconf 88' lang='lat' dir='ltr'><strong>monachus</strong></span> <span class='ocrx_word' id='word_1_106' title='bbox 1152 2010 1310 2082; x_wconf 89' lang='lat' dir='ltr'><strong>moliretur,</strong></span> 
     </span>
     <span class='ocr_line' id='line_1_17' title="bbox 142 2113 1153 2190; baseline 0.003 -19"><span class='ocrx_word' id='word_1_107' title='bbox 142 2113 273 2173; x_wconf 85' lang='lat' dir='ltr'><strong>revelare</strong></span> <span class='ocrx_word' id='word_1_108' title='bbox 287 2118 395 2188; x_wconf 90' lang='lat' dir='ltr'><strong>posset,</strong></span> <span class='ocrx_word' id='word_1_109' title='bbox 412 2129 510 2173; x_wconf 85' lang='lat' dir='ltr'><strong>verum</strong></span> <span class='ocrx_word' id='word_1_110' title='bbox 526 2114 592 2173; x_wconf 92' lang='lat' dir='ltr'><strong>dolo</strong></span> <span class='ocrx_word' id='word_1_111' title='bbox 608 2114 720 2173; x_wconf 88' lang='lat' dir='ltr'><strong>detecto</strong></span> <span class='ocrx_word' id='word_1_112' title='bbox 735 2116 766 2172; x_wconf 92' lang='lat' dir='ltr'><strong>in</strong></span> <span class='ocrx_word' id='word_1_113' title='bbox 780 2131 924 2175; x_wconf 82' lang='lat' dir='ltr'><strong>carcerem</strong></span> <span class='ocrx_word' id='word_1_114' title='bbox 939 2115 1084 2190; x_wconf 79' lang='lat' dir='ltr'><strong>conjectus</strong></span> <span class='ocrx_word' id='word_1_115' title='bbox 1100 2120 1153 2174; x_wconf 86' lang='lat' dir='ltr'><strong>est.</strong></span> 
     </span>
    </p>

    <p class='ocr_par' dir='ltr' id='par_1_9' title="bbox 141 2217 1313 2400">
     <span class='ocr_line' id='line_1_18' title="bbox 230 2217 1313 2280; baseline 0.002 -4"><span class='ocrx_word' id='word_1_116' title='bbox 230 2217 372 2277; x_wconf 82' lang='lat' dir='ltr'><strong>Melchior</strong></span> <span class='ocrx_word' id='word_1_117' title='bbox 387 2219 498 2278; x_wconf 86' lang='lat' dir='ltr'><strong>Lindon</strong></span> <span class='ocrx_word' id='word_1_118' title='bbox 514 2219 596 2279; x_wconf 91' lang='lat' dir='ltr'><strong>nobis</strong></span> <span class='ocrx_word' id='word_1_119' title='bbox 606 2221 841 2280; x_wconf 83' lang='lat' dir='ltr'><strong>consultationem</strong></span> <span class='ocrx_word' id='word_1_120' title='bbox 851 2218 964 2280; x_wconf 84' lang='lat' dir='ltr'><strong>Claudii</strong></span> <span class='ocrx_word' id='word_1_121' title='bbox 974 2219 1173 2280; x_wconf 80' lang='lat' dir='ltr'><strong>Oanoiuneuloe</strong></span> <span class='ocrx_word' id='word_1_122' title='bbox 1182 2221 1213 2278; x_wconf 91' lang='lat' dir='ltr'><strong>in</strong></span> <span class='ocrx_word' id='word_1_123' title='bbox 1226 2234 1313 2279; x_wconf 87' lang='lat' dir='ltr'><strong>eausa</strong></span> 
     </span>
     <span class='ocr_line' id='line_1_19' title="bbox 141 2322 486 2400; baseline 0.012 -20"><span class='ocrx_word' id='word_1_124' title='bbox 141 2322 311 2382; x_wconf 88' lang='lat' dir='ltr'><strong>Hoiensium</strong></span> <span class='ocrx_word' id='word_1_125' title='bbox 327 2324 486 2400; x_wconf 83' lang='lat' dir='ltr'><strong>descripsit.</strong></span> 
     </span>
    </p>

    <p class='ocr_par' dir='ltr' id='par_1_10' title="bbox 143 2427 1317 3555">
     <span class='ocr_line' id='line_1_20' title="bbox 231 2427 1311 2507; baseline -0.001 -21"><span class='ocrx_word' id='word_1_126' title='bbox 231 2427 447 2488; x_wconf 87' lang='lat' dir='ltr'><strong>Bernhardinus</strong></span> <span class='ocrx_word' id='word_1_127' title='bbox 468 2430 594 2490; x_wconf 90' lang='lat' dir='ltr'><strong>Oobinus</strong></span> <span class='ocrx_word' id='word_1_128' title='bbox 615 2435 645 2490; x_wconf 91' lang='lat' dir='ltr'><strong>et</strong></span> <span class='ocrx_word' id='word_1_129' title='bbox 664 2430 768 2491; x_wconf 87' lang='lat' dir='ltr'><strong>Petrus</strong></span> <span class='ocrx_word' id='word_1_130' title='bbox 789 2432 905 2507; x_wconf 86' lang='lat' dir='ltr'><strong>Martyr</strong></span> <span class='ocrx_word' id='word_1_131' title='bbox 923 2434 954 2491; x_wconf 88' lang='lat' dir='ltr'><strong>in</strong></span> <span class='ocrx_word' id='word_1_132' title='bbox 973 2432 1107 2506; x_wconf 80' lang='lat' dir='ltr'><strong>Angliam</strong></span> <span class='ocrx_word' id='word_1_133' title='bbox 1125 2430 1219 2490; x_wconf 82' lang='lat' dir='ltr'><strong>vocati</strong></span> <span class='ocrx_word' id='word_1_134' title='bbox 1235 2433 1311 2487; x_wconf 87' lang='lat' dir='ltr'><strong>sunt.</strong></span> 
     </span>
     <span class='ocr_line' id='line_1_21' title="bbox 143 2531 1312 2608; baseline 0.002 -19"><span class='ocrx_word' id='word_1_135' title='bbox 143 2531 292 2592; x_wconf 88' lang='lat' dir='ltr'><strong>Musoulus</strong></span> <span class='ocrx_word' id='word_1_136' title='bbox 307 2536 358 2608; x_wconf 88' lang='lat' dir='ltr'><strong>ait,</strong></span> <span class='ocrx_word' id='word_1_137' title='bbox 375 2533 524 2594; x_wconf 82' lang='lat' dir='ltr'><strong>Germanis</strong></span> <span class='ocrx_word' id='word_1_138' title='bbox 539 2536 689 2596; x_wconf 86' lang='lat' dir='ltr'><strong>audaciam</strong></span> <span class='ocrx_word' id='word_1_139' title='bbox 704 2542 734 2596; x_wconf 89' lang='lat' dir='ltr'><strong>et</strong></span> <span class='ocrx_word' id='word_1_140' title='bbox 748 2540 824 2598; x_wconf 84' lang='lat' dir='ltr'><strong>vires</strong></span> <span class='ocrx_word' id='word_1_141' title='bbox 840 2555 893 2597; x_wconf 90' lang='lat' dir='ltr'><strong>nee</strong></span> <span class='ocrx_word' id='word_1_142' title='bbox 901 2555 960 2597; x_wconf 92' lang='lat' dir='ltr'><strong>non</strong></span> <span class='ocrx_word' id='word_1_143' title='bbox 968 2539 1087 2597; x_wconf 88' lang='lat' dir='ltr'><strong>martios</strong></span> <span class='ocrx_word' id='word_1_144' title='bbox 1101 2537 1211 2594; x_wconf 81' lang='lat' dir='ltr'><strong>ammos</strong></span> <span class='ocrx_word' id='word_1_145' title='bbox 1220 2532 1312 2606; x_wconf 89' lang='lat' dir='ltr'><strong>datos,</strong></span> 
     </span>
     <span class='ocr_line' id='line_1_22' title="bbox 144 2637 1315 2716; baseline -0.002 -19"><span class='ocrx_word' id='word_1_146' title='bbox 144 2639 247 2712; x_wconf 89' lang='lat' dir='ltr'><strong>quibus</strong></span> <span class='ocrx_word' id='word_1_147' title='bbox 263 2641 287 2699; x_wconf 94' lang='lat' dir='ltr'><strong>si</strong></span> <span class='ocrx_word' id='word_1_148' title='bbox 302 2647 369 2715; x_wconf 88' lang='lat' dir='ltr'><strong>post</strong></span> <span class='ocrx_word' id='word_1_149' title='bbox 383 2640 477 2701; x_wconf 90' lang='lat' dir='ltr'><strong>Deum</strong></span> <span class='ocrx_word' id='word_1_150' title='bbox 491 2643 537 2700; x_wconf 92' lang='lat' dir='ltr'><strong>nsi</strong></span> <span class='ocrx_word' id='word_1_151' title='bbox 551 2639 683 2716; x_wconf 78' lang='lat' dir='ltr'><strong>finissent,</strong></span> <span class='ocrx_word' id='word_1_152' title='bbox 700 2658 757 2702; x_wconf 90' lang='lat' dir='ltr'><strong>non</strong></span> <span class='ocrx_word' id='word_1_153' title='bbox 771 2641 846 2702; x_wconf 86' lang='lat' dir='ltr'><strong>forie</strong></span> <span class='ocrx_word' id='word_1_154' title='bbox 861 2643 898 2701; x_wconf 93' lang='lat' dir='ltr'><strong>ab</strong></span> <span class='ocrx_word' id='word_1_155' title='bbox 914 2644 1020 2702; x_wconf 84' lang='lat' dir='ltr'><strong>exteris</strong></span> <span class='ocrx_word' id='word_1_156' title='bbox 1035 2640 1199 2702; x_wconf 89' lang='lat' dir='ltr'><strong>nationibus</strong></span> <span class='ocrx_word' id='word_1_157' title='bbox 1215 2640 1255 2696; x_wconf 84' lang='lat' dir='ltr'><strong>sie</strong></span> <span class='ocrx_word' id='word_1_158' title='bbox 1271 2637 1315 2714; x_wconf 91' lang='lat' dir='ltr'><strong>(ut</strong></span> 
     </span>
     <span class='ocr_line' id='line_1_23' title="bbox 143 2744 1313 2822; baseline -0.001 -20"><span class='ocrx_word' id='word_1_159' title='bbox 143 2745 218 2818; x_wconf 89' lang='lat' dir='ltr'><strong>proh</strong></span> <span class='ocrx_word' id='word_1_160' title='bbox 234 2744 316 2805; x_wconf 89' lang='lat' dir='ltr'><strong>dolor</strong></span> <span class='ocrx_word' id='word_1_161' title='bbox 331 2763 378 2805; x_wconf 90' lang='lat' dir='ltr'><strong>res</strong></span> <span class='ocrx_word' id='word_1_162' title='bbox 393 2748 457 2821; x_wconf 91' lang='lat' dir='ltr'><strong>ipsa</strong></span> <span class='ocrx_word' id='word_1_163' title='bbox 475 2747 610 2822; x_wconf 86' lang='lat' dir='ltr'><strong>testatur)</strong></span> <span class='ocrx_word' id='word_1_164' title='bbox 633 2747 809 2822; x_wconf 86' lang='lat' dir='ltr'><strong>pessumdati</strong></span> <span class='ocrx_word' id='word_1_165' title='bbox 830 2745 934 2807; x_wconf 84' lang='lat' dir='ltr'><strong>forent.</strong></span> <span class='ocrx_word' id='word_1_166' title='bbox 966 2747 1024 2807; x_wconf 86' lang='lat' dir='ltr'><strong>Sed</strong></span> <span class='ocrx_word' id='word_1_167' title='bbox 1045 2747 1111 2806; x_wconf 88' lang='lat' dir='ltr'><strong>dum</strong></span> <span class='ocrx_word' id='word_1_168' title='bbox 1133 2749 1241 2820; x_wconf 86' lang='lat' dir='ltr'><strong>praeter</strong></span> <span class='ocrx_word' id='word_1_169' title='bbox 1261 2757 1313 2816; x_wconf 89' lang='lat' dir='ltr'><strong>pa·</strong></span> 
     </span>
     <span class='ocr_line' id='line_1_24' title="bbox 144 2847 1315 2928; baseline -0.003 -20"><span class='ocrx_word' id='word_1_170' title='bbox 144 2851 233 2908; x_wconf 87' lang='lat' dir='ltr'><strong>trium</strong></span> <span class='ocrx_word' id='word_1_171' title='bbox 248 2852 394 2926; x_wconf 81' lang='lat' dir='ltr'><strong>ingenium</strong></span> <span class='ocrx_word' id='word_1_172' title='bbox 409 2858 438 2912; x_wconf 86' lang='lat' dir='ltr'><strong>et</strong></span> <span class='ocrx_word' id='word_1_173' title='bbox 452 2853 508 2925; x_wconf 93' lang='lat' dir='ltr'><strong>ipsi</strong></span> <span class='ocrx_word' id='word_1_174' title='bbox 523 2853 603 2912; x_wconf 87' lang='lat' dir='ltr'><strong>dolos</strong></span> <span class='ocrx_word' id='word_1_175' title='bbox 619 2859 649 2912; x_wconf 89' lang='lat' dir='ltr'><strong>et</strong></span> <span class='ocrx_word' id='word_1_176' title='bbox 664 2849 780 2913; x_wconf 82' lang='lat' dir='ltr'><strong>fraudes</strong></span> <span class='ocrx_word' id='word_1_177' title='bbox 796 2853 965 2928; x_wconf 83' lang='lat' dir='ltr'><strong>suscipiunt,</strong></span> <span class='ocrx_word' id='word_1_178' title='bbox 986 2851 1121 2912; x_wconf 88' lang='lat' dir='ltr'><strong>astutiam</strong></span> <span class='ocrx_word' id='word_1_179' title='bbox 1139 2847 1150 2884; x_wconf 86' lang='lat'>¹</span> <span class='ocrx_word' id='word_1_180' title='bbox 1171 2847 1315 2910; x_wconf 88' lang='lat' dir='ltr'><strong>dolosissi-</strong></span> 
     </span>
     <span class='ocr_line' id='line_1_25' title="bbox 143 2954 1316 3032; baseline -0.001 -17"><span class='ocrx_word' id='word_1_181' title='bbox 143 2971 199 3014; x_wconf 76' lang='lat' dir='ltr'><strong>mae</strong></span> <span class='ocrx_word' id='word_1_182' title='bbox 213 2954 322 3016; x_wconf 82' lang='lat' dir='ltr'><strong>Italica</strong></span> <span class='ocrx_word' id='word_1_183' title='bbox 337 2962 366 3016; x_wconf 91' lang='lat' dir='ltr'><strong>et</strong></span> <span class='ocrx_word' id='word_1_184' title='bbox 375 2957 540 3032; x_wconf 76' lang='lat' dir='ltr'><strong>Hispaniae</strong></span> <span class='ocrx_word' id='word_1_185' title='bbox 555 2960 650 3031; x_wconf 85' lang='lat' dir='ltr'><strong>gentis</strong></span> <span class='ocrx_word' id='word_1_186' title='bbox 666 2959 703 3018; x_wconf 90' lang='lat' dir='ltr'><strong>sb</strong></span> <span class='ocrx_word' id='word_1_187' title='bbox 717 2958 787 3031; x_wconf 89' lang='lat' dir='ltr'><strong>ipsis</strong></span> <span class='ocrx_word' id='word_1_188' title='bbox 802 2958 909 3018; x_wconf 86' lang='lat' dir='ltr'><strong>astutia</strong></span> <span class='ocrx_word' id='word_1_189' title='bbox 922 2963 1103 3031; x_wconf 88' lang='lat' dir='ltr'><strong>superantur.</strong></span> <span class='ocrx_word' id='word_1_190' title='bbox 1127 2958 1202 3016; x_wconf 85' lang='lat' dir='ltr'><strong>Nam</strong></span> <span class='ocrx_word' id='word_1_191' title='bbox 1216 2962 1316 3018; x_wconf 87' lang='lat' dir='ltr'><strong>taurus</strong></span> 
     </span>
     <span class='ocr_line' id='line_1_26' title="bbox 145 3061 1316 3140; baseline 0.003 -22"><span class='ocrx_word' id='word_1_192' title='bbox 145 3061 374 3120; x_wconf 88' lang='lat' dir='ltr'><strong>robustissimum</strong></span> <span class='ocrx_word' id='word_1_193' title='bbox 394 3063 499 3121; x_wconf 88' lang='lat' dir='ltr'><strong>animal</strong></span> <span class='ocrx_word' id='word_1_194' title='bbox 521 3067 623 3122; x_wconf 81' lang='lat' dir='ltr'><strong>eontra</strong></span> <span class='ocrx_word' id='word_1_195' title='bbox 642 3062 812 3138; x_wconf 88' lang='lat' dir='ltr'><strong>leopardum</strong></span> <span class='ocrx_word' id='word_1_196' title='bbox 833 3081 978 3140; x_wconf 87' lang='lat' dir='ltr'><strong>pugnans,</strong></span> <span class='ocrx_word' id='word_1_197' title='bbox 1002 3064 1027 3122; x_wconf 89' lang='lat' dir='ltr'><strong>si</strong></span> <span class='ocrx_word' id='word_1_198' title='bbox 1048 3069 1127 3124; x_wconf 83' lang='lat' dir='ltr'><strong>reeta</strong></span> <span class='ocrx_word' id='word_1_199' title='bbox 1147 3063 1316 3137; x_wconf 91' lang='lat' dir='ltr'><strong>leopardum</strong></span> 
     </span>
     <span class='ocr_line' id='line_1_27' title="bbox 145 3165 1317 3242; baseline 0.002 -18"><span class='ocrx_word' id='word_1_200' title='bbox 145 3167 280 3226; x_wconf 84' lang='lat' dir='ltr'><strong>cornibus</strong></span> <span class='ocrx_word' id='word_1_201' title='bbox 295 3168 429 3241; x_wconf 86' lang='lat' dir='ltr'><strong>impetat,</strong></span> <span class='ocrx_word' id='word_1_202' title='bbox 452 3165 534 3226; x_wconf 85' lang='lat' dir='ltr'><strong>faaile</strong></span> <span class='ocrx_word' id='word_1_203' title='bbox 550 3167 626 3226; x_wconf 87' lang='lat' dir='ltr'><strong>huno</strong></span> <span class='ocrx_word' id='word_1_204' title='bbox 643 3170 797 3242; x_wconf 83' lang='lat' dir='ltr'><strong>convincit3</strong></span> <span class='ocrx_word' id='word_1_205' title='bbox 822 3171 846 3226; x_wconf 91' lang='lat' dir='ltr'><strong>si</strong></span> <span class='ocrx_word' id='word_1_206' title='bbox 861 3173 956 3229; x_wconf 90' lang='lat' dir='ltr'><strong>autem</strong></span> <span class='ocrx_word' id='word_1_207' title='bbox 972 3169 1021 3228; x_wconf 88' lang='lat' dir='ltr'><strong>din</strong></span> <span class='ocrx_word' id='word_1_208' title='bbox 1036 3185 1132 3228; x_wconf 88' lang='lat' dir='ltr'><strong>seeum</strong></span> <span class='ocrx_word' id='word_1_209' title='bbox 1152 3168 1317 3242; x_wconf 80' lang='lat' dir='ltr'><strong>cogitabun-</strong></span> 
     </span>
     <span class='ocr_line' id='line_1_28' title="bbox 146 3268 1315 3348; baseline 0 -18"><span class='ocrx_word' id='word_1_210' title='bbox 146 3269 199 3330; x_wconf 91' lang='lat' dir='ltr'><strong>dus</strong></span> <span class='ocrx_word' id='word_1_211' title='bbox 215 3271 281 3330; x_wconf 91' lang='lat' dir='ltr'><strong>dolo</strong></span> <span class='ocrx_word' id='word_1_212' title='bbox 296 3271 464 3345; x_wconf 89' lang='lat' dir='ltr'><strong>leopardum</strong></span> <span class='ocrx_word' id='word_1_213' title='bbox 479 3272 601 3346; x_wconf 80' lang='lat' dir='ltr'><strong>aggredi</strong></span> <span class='ocrx_word' id='word_1_214' title='bbox 616 3273 693 3347; x_wconf 88' lang='lat' dir='ltr'><strong>velit,</strong></span> <span class='ocrx_word' id='word_1_215' title='bbox 710 3275 789 3332; x_wconf 84' lang='lat' dir='ltr'><strong>ocius</strong></span> <span class='ocrx_word' id='word_1_216' title='bbox 804 3276 993 3334; x_wconf 88' lang='lat' dir='ltr'><strong>astutissimus</strong></span> <span class='ocrx_word' id='word_1_217' title='bbox 1008 3268 1162 3348; x_wconf 78' lang='lat' dir='ltr'><strong>leopardus</strong></span> <span class='ocrx_word' id='word_1_218' title='bbox 1177 3275 1251 3332; x_wconf 87' lang='lat' dir='ltr'><strong>mira</strong></span> <span class='ocrx_word' id='word_1_219' title='bbox 1265 3288 1315 3332; x_wconf 87' lang='lat' dir='ltr'><strong>va-</strong></span> 
     </span>
     <span class='ocr_line' id='line_1_29' title="bbox 145 3373 1317 3454; baseline 0.003 -21"><span class='ocrx_word' id='word_1_220' title='bbox 145 3373 227 3434; x_wconf 88' lang='lat' dir='ltr'><strong>lrioie</strong></span> <span class='ocrx_word' id='word_1_221' title='bbox 242 3380 358 3435; x_wconf 90' lang='lat' dir='ltr'><strong>taurum</strong></span> <span class='ocrx_word' id='word_1_222' title='bbox 374 3382 497 3438; x_wconf 86' lang='lat' dir='ltr'><strong>exeaeoat</strong></span> <span class='ocrx_word' id='word_1_223' title='bbox 513 3382 542 3437; x_wconf 90' lang='lat' dir='ltr'><strong>et</strong></span> <span class='ocrx_word' id='word_1_224' title='bbox 554 3379 679 3452; x_wconf 86' lang='lat' dir='ltr'><strong>jugulat.</strong></span> <span class='ocrx_word' id='word_1_225' title='bbox 713 3379 771 3438; x_wconf 85' lang='lat' dir='ltr'><strong>Sed</strong></span> <span class='ocrx_word' id='word_1_226' title='bbox 784 3378 839 3437; x_wconf 89' lang='lat' dir='ltr'><strong>hoo</strong></span> <span class='ocrx_word' id='word_1_227' title='bbox 857 3381 979 3454; x_wconf 82' lang='lat' dir='ltr'><strong>aenigma</strong></span> <span class='ocrx_word' id='word_1_228' title='bbox 998 3395 1080 3437; x_wconf 89' lang='lat' dir='ltr'><strong>snum</strong></span> <span class='ocrx_word' id='word_1_229' title='bbox 1100 3378 1154 3437; x_wconf 92' lang='lat' dir='ltr'><strong>sibi</strong></span> <span class='ocrx_word' id='word_1_230' title='bbox 1176 3377 1317 3451; x_wconf 87' lang='lat' dir='ltr'><strong>Oedipum</strong></span> 
     </span>
     <span class='ocr_line' id='line_1_30' title="bbox 146 3481 278 3555; baseline 0 -15"><span class='ocrx_word' id='word_1_231' title='bbox 146 3481 278 3555; x_wconf 88' lang='lat' dir='ltr'><strong>requirit.</strong></span> 
     </span>
    </p>

    <p class='ocr_par' dir='ltr' id='par_1_11' title="bbox 147 3580 1320 3978">
     <span class='ocr_line' id='line_1_31' title="bbox 235 3580 1314 3676; baseline -0.001 -30"><span class='ocrx_word' id='word_1_232' title='bbox 235 3586 343 3646; x_wconf 88' lang='lat' dir='ltr'><strong>Domus</strong></span> <span class='ocrx_word' id='word_1_233' title='bbox 359 3602 445 3660; x_wconf 91' lang='lat' dir='ltr'><strong>quam</strong></span> <span class='ocrx_word' id='word_1_234' title='bbox 459 3588 558 3648; x_wconf 88' lang='lat' dir='ltr'><strong>Hanso</strong></span> <span class='ocrx_word' id='word_1_235' title='bbox 574 3586 663 3648; x_wconf 86' lang='lat' dir='ltr'><strong>Gesse</strong></span> <span class='ocrx_word' id='word_1_236' title='bbox 678 3589 782 3661; x_wconf 87' lang='lat' dir='ltr'><strong>hospes</strong></span> <span class='ocrx_word' id='word_1_237' title='bbox 798 3594 903 3676; x_wconf 40' lang='lat' dir='ltr'><strong>noster·</strong></span> <span class='ocrx_word' id='word_1_238' title='bbox 909 3604 963 3661; x_wconf 90' lang='lat' dir='ltr'><strong>pro</strong></span> <span class='ocrx_word' id='word_1_239' title='bbox 978 3584 1102 3645; x_wconf 82' lang='lat' dir='ltr'><strong>sedecim</strong></span> <span class='ocrx_word' id='word_1_240' title='bbox 1117 3585 1243 3645; x_wconf 79' lang='lat' dir='ltr'><strong>centenis</strong></span> <span class='ocrx_word' id='word_1_241' title='bbox 1262 3580 1314 3645; x_wconf 90' lang='lat' dir='ltr'><strong>flo-</strong></span> 
     </span>
     <span class='ocr_line' id='line_1_32' title="bbox 147 3691 1319 3768; baseline -0.002 -16"><span class='ocrx_word' id='word_1_242' title='bbox 147 3693 226 3752; x_wconf 86' lang='lat' dir='ltr'><strong>renis</strong></span> <span class='ocrx_word' id='word_1_243' title='bbox 246 3695 437 3768; x_wconf 83' lang='lat' dir='ltr'><strong>oomparavit,</strong></span> <span class='ocrx_word' id='word_1_244' title='bbox 459 3693 502 3752; x_wconf 92' lang='lat' dir='ltr'><strong>illi</strong></span> <span class='ocrx_word' id='word_1_245' title='bbox 522 3710 610 3768; x_wconf 86' lang='lat' dir='ltr'><strong>uxor,</strong></span> <span class='ocrx_word' id='word_1_246' title='bbox 632 3693 717 3753; x_wconf 87' lang='lat' dir='ltr'><strong>liberi</strong></span> <span class='ocrx_word' id='word_1_247' title='bbox 736 3698 766 3751; x_wconf 88' lang='lat' dir='ltr'><strong>et</strong></span> <span class='ocrx_word' id='word_1_248' title='bbox 780 3692 895 3764; x_wconf 80' lang='lat' dir='ltr'><strong>cognati</strong></span> <span class='ocrx_word' id='word_1_249' title='bbox 910 3691 1066 3750; x_wconf 84' lang='lat' dir='ltr'><strong>doctissimi</strong></span> <span class='ocrx_word' id='word_1_250' title='bbox 1081 3707 1115 3752; x_wconf 84' lang='lat' dir='ltr'><strong>ae</strong></span> <span class='ocrx_word' id='word_1_251' title='bbox 1129 3691 1249 3766; x_wconf 88' lang='lat' dir='ltr'><strong>piissimi</strong></span> <span class='ocrx_word' id='word_1_252' title='bbox 1265 3691 1319 3750; x_wconf 86' lang='lat' dir='ltr'><strong>viri</strong></span> 
     </span>
     <span class='ocr_line' id='line_1_33' title="bbox 148 3777 1320 3880; baseline 0.002 -24"><span class='ocrx_word' id='word_1_253' title='bbox 148 3796 258 3857; x_wconf 88' lang='lat' dir='ltr'><strong>Urbani</strong></span> <span class='ocrx_word' id='word_1_254' title='bbox 273 3798 357 3872; x_wconf 91' lang='lat' dir='ltr'><strong>Regii</strong></span> <span class='ocrx_word' id='word_1_255' title='bbox 370 3799 570 3859; x_wconf 85' lang='lat' dir='ltr'><strong>vendiderunt.</strong></span> <span class='ocrx_word' id='word_1_256' title='bbox 602 3799 637 3859; x_wconf 90' lang='lat' dir='ltr'><strong>ln</strong></span> <span class='ocrx_word' id='word_1_257' title='bbox 656 3777 711 3858; x_wconf 86' lang='lat' dir='ltr'><strong>bae</strong></span> <span class='ocrx_word' id='word_1_258' title='bbox 730 3813 783 3856; x_wconf 90' lang='lat' dir='ltr'><strong>nos</strong></span> <span class='ocrx_word' id='word_1_259' title='bbox 802 3796 880 3857; x_wconf 88' lang='lat' dir='ltr'><strong>Deus</strong></span> <span class='ocrx_word' id='word_1_260' title='bbox 892 3813 954 3880; x_wconf 87' lang='lat' dir='ltr'><strong>sua</strong></span> <span class='ocrx_word' id='word_1_261' title='bbox 972 3797 1152 3873; x_wconf 75' lang='lat' dir='ltr'><strong>benignitate</strong></span> <span class='ocrx_word' id='word_1_262' title='bbox 1171 3798 1320 3872; x_wconf 84' lang='lat' dir='ltr'><strong>hospitare</strong></span> 
     </span>
     <span class='ocr_line' id='line_1_34' title="bbox 148 3900 359 3978; baseline 0.019 -19"><span class='ocrx_word' id='word_1_263' title='bbox 148 3900 195 3960; x_wconf 86' lang='lat' dir='ltr'><strong>hie</strong></span> <span class='ocrx_word' id='word_1_264' title='bbox 208 3903 359 3978; x_wconf 86' lang='lat' dir='ltr'><strong>permittit.</strong></span> 
     </span>
    </p>

    <p class='ocr_par' dir='ltr' id='par_1_12' title="bbox 238 4008 1319 4084">
     <span class='ocr_line' id='line_1_35' title="bbox 238 4008 1319 4084; baseline -0.003 -16"><span class='ocrx_word' id='word_1_265' title='bbox 238 4008 352 4068; x_wconf 87' lang='lat' dir='ltr'><strong>Samuel</strong></span> <span class='ocrx_word' id='word_1_266' title='bbox 366 4026 456 4084; x_wconf 90' lang='lat' dir='ltr'><strong>nepos</strong></span> <span class='ocrx_word' id='word_1_267' title='bbox 472 4009 551 4083; x_wconf 88' lang='lat' dir='ltr'><strong>apud</strong></span> <span class='ocrx_word' id='word_1_268' title='bbox 570 4008 670 4069; x_wconf 81' lang='lat' dir='ltr'><strong>ducem</strong></span> <span class='ocrx_word' id='word_1_269' title='bbox 685 4011 842 4074; x_wconf 83' lang='lat' dir='ltr'><strong>Ernestum</strong></span> <span class='ocrx_word' id='word_1_270' title='bbox 856 4017 986 4071; x_wconf 87' lang='lat' dir='ltr'><strong>ooenstus</strong></span> <span class='ocrx_word' id='word_1_271' title='bbox 1002 4015 1054 4070; x_wconf 89' lang='lat' dir='ltr'><strong>est.</strong></span> <span class='ocrx_word' id='word_1_272' title='bbox 1077 4010 1183 4070; x_wconf 83' lang='lat' dir='ltr'><strong>Frater</strong></span> <span class='ocrx_word' id='word_1_273' title='bbox 1191 4009 1319 4068; x_wconf 79' lang='lat' dir='ltr'><strong>loannes</strong></span> 
     </span>
    </p>
   </div>
   <div class='ocr_carea' id='block_1_4' title="bbox 147 4111 1316 4280">
    <p class='ocr_par' dir='ltr' id='par_1_13' title="bbox 147 4111 1316 4280">
     <span class='ocr_line' id='line_1_36' title="bbox 147 4111 1316 4191; baseline -0.002 -21"><span class='ocrx_word' id='word_1_274' title='bbox 147 4112 289 4174; x_wconf 85' lang='lat' dir='ltr'><strong>Joannem</strong></span> <span class='ocrx_word' id='word_1_275' title='bbox 303 4111 482 4173; x_wconf 86' lang='lat' dir='ltr'><strong>Friderioum</strong></span> <span class='ocrx_word' id='word_1_276' title='bbox 497 4117 645 4190; x_wconf 81' lang='lat' dir='ltr'><strong>convenit,</strong></span> <span class='ocrx_word' id='word_1_277' title='bbox 671 4116 836 4191; x_wconf 86' lang='lat' dir='ltr'><strong>explorans,</strong></span> <span class='ocrx_word' id='word_1_278' title='bbox 863 4117 913 4190; x_wconf 88' lang='lat' dir='ltr'><strong>qui</strong></span> <span class='ocrx_word' id='word_1_279' title='bbox 927 4132 958 4176; x_wconf 90' lang='lat' dir='ltr'><strong>se</strong></span> <span class='ocrx_word' id='word_1_280' title='bbox 981 4131 1029 4175; x_wconf 88' lang='lat' dir='ltr'><strong>res</strong></span> <span class='ocrx_word' id='word_1_281' title='bbox 1053 4114 1154 4188; x_wconf 90' lang='lat' dir='ltr'><strong>optimi</strong></span> <span class='ocrx_word' id='word_1_282' title='bbox 1179 4111 1316 4186; x_wconf 84' lang='lat' dir='ltr'><strong>principis</strong></span> 
     </span>
     <span class='ocr_line' id='line_1_37' title="bbox 149 4217 299 4280; baseline 0.007 -2"><span class='ocrx_word' id='word_1_283' title='bbox 149 4217 299 4280; x_wconf 82' lang='lat' dir='ltr'><strong>haberent.</strong></span> 
     </span>
    </p>
   </div>
   <div class='ocr_carea' id='block_1_5' title="bbox 224 4341 783 4495">
    <p class='ocr_par' dir='ltr' id='par_1_14' title="bbox 224 4341 783 4495">
     <span class='ocr_line' id='line_1_38' title="bbox 730 4341 746 4376; baseline 0 0"><span class='ocrx_word' id='word_1_284' title='bbox 730 4341 746 4376; x_wconf 81' lang='lat' dir='ltr'><strong>a</strong></span> 
     </span>
     <span class='ocr_line' id='line_1_39' title="bbox 224 4425 783 4495; baseline 0.004 -20"><span class='ocrx_word' id='word_1_285' title='bbox 224 4428 258 4476; x_wconf 78' lang='lat'><strong>1?</strong></span> <span class='ocrx_word' id='word_1_286' title='bbox 294 4425 411 4478; x_wconf 83' lang='lat' dir='ltr'><strong>Fraudes</strong></span> <span class='ocrx_word' id='word_1_287' title='bbox 430 4427 577 4495; x_wconf 85' lang='lat' dir='ltr'><strong>suseipiunt</strong></span> <span class='ocrx_word' id='word_1_288' title='bbox 594 4442 625 4480; x_wconf 82' lang='lat' dir='ltr'><strong>aa</strong></span> <span class='ocrx_word' id='word_1_289' title='bbox 644 4427 783 4479; x_wconf 85' lang='lat' dir='ltr'><strong>astutiam.</strong></span> 
     </span>
    </p>
   </div>
   <div class='ocr_carea' id='block_1_6' title="bbox 196 4549 311 4596">
    <p class='ocr_par' dir='ltr' id='par_1_15' title="bbox 196 4549 311 4596">
     <span class='ocr_line' id='line_1_40' title="bbox 196 4549 311 4596; baseline -0.017 -1"><span class='ocrx_word' id='word_1_290' title='bbox 196 4549 311 4596; x_wconf 70' lang='lat' dir='ltr'><strong>thdeek.</strong></span> 
     </span>
    </p>
   </div>
   <div class='ocr_carea' id='block_1_7' title="bbox 0 0 1535 4894">
    <p class='ocr_par' dir='ltr' id='par_1_16' title="bbox 0 0 1535 4894">
     <span class='ocr_line' id='line_1_41' title="bbox 0 0 1535 4894; baseline 0 0"><span class='ocrx_word' id='word_1_291' title='bbox 0 0 1535 4894; x_wconf 95' lang='lat' dir='ltr'><strong> </strong></span> 
     </span>
    </p>
   </div>
  </div>
 </body>
</html>
