2940 4900
641 317 705 384 143

175 496 339 571 Aprandio
358 499 435 558 inter
458 497 629 560 famulitium
651 515 715 558 cum
735 501 868 576 episcopo
888 502 919 559 in
939 519 988 561 rus
1010 501 1255 576 obequitabamus,

94 599 139 659 sed
159 601 229 660 nihil
252 619 316 662 cum
338 620 372 663 ee
396 602 431 664 de
451 605 499 664 inis
520 605 619 679 rebus,
645 607 739 664 nescio
764 622 821 679 quo
841 607 925 681 genio
950 613 1144 681 repugnante,
1168 607 1255 666 locuti

94 720 192 764 snmus.

175 809 286 870 Eadem
301 811 331 870 in
345 812 408 871 loco
424 813 548 885 quodam
562 814 732 889 paludineso
753 818 790 877 ad
810 834 889 877 oram
905 817 977 891 Lyci
991 815 1114 876 fluminis
1129 815 1256 876 ¹Ioannes

93 931 109 972 a
122 913 280 975 Schonstad
296 920 325 974 et
340 931 393 990 ego
407 915 469 976 fere
484 917 624 980 submersi
639 939 760 1000 eramus,
777 926 832 984 nisi
847 939 899 982 nos
914 923 1070 999 propitium
1084 922 1140 984 Dei
1151 936 1256 982 numen

93 1018 145 1096 (oni
158 1020 219 1079 laus
234 1024 266 1079 et
281 1021 439 1095 manarum
455 1019 543 1098 actio)
561 1034 713 1088 servasset.

172 1125 348 1190 Volebamus
363 1125 504 1188 loannem
519 1129 599 1190 illum
609 1131 745 1192 Noricum
760 1136 922 1207 convenire,
939 1151 1038 1194 verum
1053 1135 1078 1193 is
1093 1135 1156 1193 aliis
1171 1147 1253 1190 eccu-

92 1235 167 1301 patus
181 1237 254 1292 erat.

170 1335 283 1398 Eadem
305 1339 471 1400 Hermanno
496 1340 592 1400 Nellio
617 1341 796 1416 herbarium,
824 1344 893 1402 item
915 1341 1020 1402 librum
1046 1339 1206 1400 Bibliandri
1226 1344 1256 1398 et

92 1437 240 1517 Bullingeri
263 1459 317 1516 per
339 1445 472 1503 nuncium
492 1461 511 1505 a
533 1445 703 1521 Naumbnrg
722 1447 940 1506 transmisimus.
979 1446 1106 1506 Joannes
1128 1459 1254 1503 comesa

93 1543 209 1621 Retberg
224 1548 375 1608 nobiseum
390 1555 588 1610 coenetnsest.

170 1651 197 1724 vj
213 1652 296 1714 Junii
313 1655 465 1728 intemplo
481 1647 626 1722 Mindtnm
642 1655 827 1716 concionator
842 1655 958 1729 quidam
974 1669 1131 1714 sermonem
1146 1655 1253 1730 populo

92 1751 152 1814 lecit
165 1769 200 1815 ex
216 1761 233 1816 2
251 1775 316 1832 cap.
332 1757 436 1820 Joann.
453 1761 576 1836 apostoli
592 1761 720 1835 epistolae
739 1763 766 1821 1.
795 1761 911 1820 »Filioli
925 1761 996 1833 mei,
1017 1759 1079 1818 haec
1094 1760 1187 1819 scribo
1202 1777 1252 1820 vo-

92 1860 138 1934 bis,
152 1879 186 1922 ne
200 1850 337 1939 peccetis,
355 1867 422 1924 etsi
439 1867 503 1939 quis
518 1868 687 1940 peccaverit,
704 1865 874 1926 advocatum
887 1867 1024 1926 habemns
1040 1866 1117 1940 apud
1132 1869 1252 1940 patrem,

23 2005 24 2040 3
91 1963 179 2024 lesum
195 1968 343 2028 Christum
355 1969 475 2046 justum,
491 1977 521 2031 et
535 1971 596 2046 ipse
611 1975 655 2031 est
669 1973 836 2046 propitiatio
851 1987 904 2046 pro
920 1972 1044 2046 peccatis
1064 1970 1179 2044 nestris,
1195 1985 1253 2028 non

92 2084 138 2140 pro
151 2075 254 2134 nostris
271 2079 368 2134 autem
383 2080 507 2150 tantum,
532 2075 583 2135 sed
603 2077 687 2136 etiam
703 2093 755 2150 pro
771 2078 859 2137 totius
873 2079 981 2138 mundi.
1010 2077 1050 2136 Et
1064 2093 1117 2151 per
1131 2076 1186 2134 hoo
1201 2076 1253 2134 sci-

22 2159 23 2222 Ϊ
91 2189 153 2251 mus,
170 2179 251 2251 quod
266 2181 447 2253 cognovimus
462 2195 536 2255 eum,
553 2181 577 2240 si
589 2182 670 2254 jussa
684 2181 982 2242 illinsobservamus.«
1000 2181 1056 2238 Hic
1070 2183 1254 2240 concionator

92 2277 189 2357 docuit,
206 2283 281 2358 quid
296 2283 323 2342 d.
339 2285 466 2344 loannes
481 2285 601 2361 singulis
617 2287 770 2360 scripserit.
808 2289 861 2346 His
877 2291 972 2345 autem
988 2284 1082 2343 uerbis
1096 2285 1176 2343 illum
1191 2300 1251 2343 om-

90 2400 133 2444 nes
147 2387 319 2449 christianos
339 2390 446 2464 alloqui
469 2393 524 2464 ait,
543 2391 647 2463 jubens
667 2409 719 2452 nos
740 2391 895 2464 apeccatis
911 2405 1022 2448 cavere.
1060 2389 1252 2462 Posteaquam

21 2519 22 2540 2
91 2493 228 2567 autemid,
249 2495 386 2568 quamdiu
407 2511 523 2554 carnem
542 2502 572 2554 et
592 2498 760 2570 sanguinem
783 2496 883 2555 in-hec
897 2492 1002 2555 mundo
1018 2492 1251 2567 circumferimus,

91 2590 146 2652 fieri
159 2600 272 2674 nequit,
300 2601 369 2673 quin
388 2599 493 2660 alicubi
514 2617 678 2676 peccemus,
702 2602 758 2660 hoc
776 2601 803 2660 d.
827 2602 954 2660 Joanncs
974 2597 1093 2658 remedii
1116 2597 1250 2672 ostendit,

50 2711 54 2718 ·
91 2701 189 2762 scilicet
202 2705 282 2778 quod
297 2705 453 2766 habeamus
469 2706 646 2780 apndDeum
661 2705 827 2766 advocatum
844 2706 966 2778 unicum,
982 2720 1039 2762 non
1054 2701 1123 2760 dicit
1137 2703 1251 2776 multos,

91 2808 117 2861 et
129 2821 162 2865 ex
174 2807 229 2868 hoc
245 2810 307 2870 loeo
324 2813 507 2871 concionator
522 2811 571 2870 ille
586 2828 651 2886 eos,
678 2812 726 2884 qui
750 2797 821 2870 alios
842 2814 892 2869 ant
912 2810 1008 2884 plnres
1029 2807 1183 2868 advocatos
1198 2809 1250 2864 im·

91 2908 196 2981 plorant
226 2920 278 2974 ant
301 2913 496 2989 implorandos
520 2921 637 2991 putant,
669 2914 847 2976 severissime
873 2915 1045 2989 corripiebat
1072 2912 1251 2973 evidentibus

92 3017 234 3092 scripturae
250 3019 429 3080 testimoniis.
453 3021 550 3095 Hunc,
568 3020 604 3080 de
620 3037 676 3095 qno
691 3021 737 3080 hio
752 3021 878 3081 Joannes
893 3021 1034 3094 loquitur,
1059 3020 1174 3078 unicum
1189 3035 1251 3078 esse

92 3121 271 3185 mediatorem
286 3127 362 3184 inter
376 3125 468 3184 Deum
484 3130 514 3184 et
528 3125 656 3185 homines
671 3133 726 3185 etc.
763 3127 804 3184 Et
818 3142 855 3186 ne
870 3126 933 3199 quis
950 3125 1005 3184 sibi
1020 3126 1056 3184 de
1071 3125 1128 3184 alio
1143 3125 1250 3184 media·

91 3227 146 3284 tore
160 3230 296 3303 somniet,
317 3228 445 3288 loannes
461 3231 638 3304 evangelista
652 3237 682 3291 et
705 3219 851 3304 apostolus
867 3247 931 3290 enm
946 3247 982 3290 ex
996 3232 1109 3291 nomine
1124 3235 1208 3290 vocat
1222 3232 1252 3287 et

92 3332 216 3401 exprimit
230 3334 328 3392 Jesum
337 3331 480 3393 Christum
492 3335 610 3407 justum.
635 3335 707 3396 Item
721 3335 834 3395 dicebat
847 3336 927 3395 verbi
936 3335 991 3393 Dei
1002 3335 1161 3392 ministrum
1175 3334 1251 3392 bono

93 3447 230 3498 ceconomo
246 3439 366 3498 similem
381 3456 444 3500 esse
459 3431 595 3513 oportere
609 3439 672 3516 (ant
686 3445 718 3499 ut
732 3455 784 3498 suo
795 3444 870 3497 -ntar
885 3435 994 3512 verbis)
1010 3440 1102 3495 einem
1118 3436 1250 3510 Spietall·

92 3541 208 3602 meister.
233 3544 262 3601 Is
277 3545 352 3602 enim
367 3561 484 3604 necesse
499 3545 599 3619 habet,
626 3561 661 3602 ne
683 3544 798 3616 aegrotis
814 3542 929 3601 eosdem
950 3557 1022 3614 quos
1038 3539 1196 3601 valentibus
1211 3541 1249 3598 oi·

93 3639 137 3702 bos
151 3663 294 3721 apponere
309 3654 453 3723 procuret,
484 3651 541 3710 alia
556 3663 667 3723 quoque
681 3645 791 3706 fereula
805 3644 970 3719 infantibus,
986 3647 1044 3707 alia
1057 3645 1163 3706 adultis
1178 3661 1251 3720 prae-

92 3743 142 3808 tet.
180 3755 226 3813 lta
248 3753 427 3812 ecclesiastes
448 3753 631 3818 retricatione
654 3753 726 3827 legis
746 3757 858 3811 *mentes
873 3753 1049 3825 peccantium
1064 3751 1252 3812 remordet-et

93 3855 288 3944 poenitentiam
304 3858 441 3933 inculcat,
462 3858 581 3918 infirmis
601 3859 648 3919 lac
661 3857 805 3933 praeponit
826 3863 856 3916 et
870 3858 1049 3932 evangelium
1064 3859 1162 3918 laetum
1177 3875 1250 3919 nun·

93 3955 157 4017 cium
170 3963 319 4035 praedicat,
346 3964 420 4022 sicut
444 3962 572 4040 Christus
593 3963 834 4037 pseudodoctores
854 3961 930 4043 dures
946 3968 975 4023 et
988 3965 1116 4035 latrones
1131 3963 1250 4035 appelli·

93 4061 137 4136 let,
153 4071 182 4126 et
195 4067 343 4141 prophete
358 4069 425 4128 olim
440 4069 632 4142 asperioribus
647 4068 742 4129 verbis
757 4071 787 4128 in
803 4069 903 4144 impios
918 4069 1023 4127 inuecti
1038 4071 1113 4126 sunt.
1152 4064 1250 4124 Poeni-

92 4167 181 4228 unna
196 4173 272 4230 enim
296 4173 426 4232 doctrina
448 4173 557 4231 laetitiae
573 4174 712 4246 evangelii
727 4188 840 4234 annexa
855 4179 915 4246 est,
939 4171 1018 4246 quod
1033 4176 1062 4230 et
1077 4171 1206 4229 Christus
1222 4171 1251 4228 in

93 4275 271 4336 israhelem
287 4294 330 4352 eo,
348 4278 396 4351 qui
412 4280 442 4336 in
456 4279 583 4338 latrones
598 4278 747 4352 inciderat,
769 4279 814 4336 cui
830 4276 1021 4351 pandochaeus
1036 4276 1132 4333 uinum
1143 4279 1177 4333 'et
1191 4275 1249 4333 ole-

93 4387 134 4431 um
146 4378 175 4437 in
197 4381 317 4440 vulnera
337 4380 456 4457 inludit,
482 4382 588 4443 docuit.
640 4383 737 4441 Primo
753 4383 827 4442 enim
842 4383 938 4441 vinum
954 4378 1123 4452 mordacius,
1139 4379 1193 4438 hoc
1209 4385 1253 4437 est
