3046 4900
733 359 776 428 36

256 539 384 602 Abihent
398 540 497 602 eedem
510 537 601 603 freter
615 545 713 602 noster
731 541 872 617 Joannes,
895 540 1084 604 Wendelinus
1104 546 1135 601 et
1153 542 1336 618 hdilchliugns

168 646 366 723 sollicitatum,
382 651 412 706 at
427 647 656 708 antemeridiano
670 652 800 721 tempore
815 663 900 707 nemo
915 663 952 705 ex
967 647 1135 708 consiliariis
1150 649 1182 708 in
1196 649 1337 709 auditorio

166 747 307 812 adfuerat.
331 750 367 811 Id
381 758 476 812 autem
489 753 534 812 his
550 751 586 812 de
602 751 696 811 causis
710 750 817 813 lactum
832 759 911 828 puto,
928 753 996 827 quia
1012 752 1072 812 dies
1084 758 1147 812 erat
1163 753 1209 831 (ut
1224 751 1335 829 vocant)

166 857 362 932 rogationum,
386 863 415 916 et
429 856 568 916 archidux
583 857 755 917 medicorum
771 873 859 932 opera
874 873 988 932 quoqne
1003 873 1086 933 usus,
1111 858 1149 919 ad
1168 859 1237 934 hoe,
1262 857 1338 931 quod

167 963 306 1024 electores
321 967 404 1022 extra
418 963 518 1021 urbem
532 963 611 1036 apud
625 961 831 1023 Trevereusem
845 962 952 1023 Libero
968 963 1045 1037 patri
1060 960 1264 1022 sacrificarent.

254 1065 413 1128 Narratum
431 1070 476 1126 est
490 1066 572 1126 nobis
588 1066 701 1142 eadem,
726 1066 803 1140 quod
823 1068 877 1127 sub
899 1068 981 1127 initio
1003 1067 1180 1128 comitiorum
1200 1068 1337 1143 Augusta

166 1173 284 1232 comites
297 1187 344 1231 sm
354 1171 446 1232 Hertz
461 1189 479 1231 e
492 1170 624 1232 Caesarea
638 1173 789 1246 maiestate
803 1174 1004 1248 impetrarunt,
1020 1178 1053 1232 ut
1068 1171 1184 1245 quidem
1198 1189 1252 1248 pro
1267 1173 1336 1231 libe-

166 1281 207 1338 ris
217 1279 330 1354 imperii
340 1277 490 1337 comitibus
505 1275 608 1336 haberi
621 1277 741 1352 possint,
759 1280 899 1338 ettamen
913 1277 1041 1337 dominos
1056 1275 1207 1338 feudorum
1222 1293 1337 1338 snorum

166 1388 278 1444 mutare
292 1400 351 1444 non
365 1388 546 1456 cogerentur.

256 1487 368 1549 Eadem
383 1504 437 1564 per
451 1488 619 1549 Hoiensium
634 1487 823 1548 secretarium
837 1485 983 1546 uxorcula
998 1487 1109 1560 scripsi.

254 1594 382 1670 Viglius,
405 1593 497 1670 Hase,
520 1594 695 1669 Merquard,
716 1609 769 1668 pro
784 1593 877 1652 veteri
892 1608 971 1653 more
986 1591 1022 1654 de
1036 1593 1198 1668 rapacitate
1212 1592 1335 1651 Perenn-

166 1705 262 1758 torum
277 1705 503 1771 conqueruntur.

253 1801 344 1862 Fama
364 1803 478 1876 quidem
497 1801 566 1877 fuit,
587 1802 739 1870 Albertum
760 1805 891 1864 comitem
912 1805 948 1865 de
970 1801 1141 1878 Mausfeldt,
1165 1817 1196 1861 se
1216 1802 1337 1876 gretiam

164 1908 346 1983 imperatoris
360 1923 533 1980 recuperare
548 1923 649 1982 posse,
673 1923 751 1981 spem
767 1911 893 1984 aliquam
907 1908 1088 1983 concepisse,
1105 1906 1158 1967 sed
1172 1922 1252 1982 aegra
1266 1907 1336 1964 haec.

253 2011 364 2073 Eadem
379 2010 570 2087 wolfgangus
585 2012 733 2072 Musonius
748 2016 888 2089 scriptum
902 2014 940 2073 D.
957 2013 1079 2073 Martini
1093 2012 1200 2072 Buceri
1221 2013 1257 2073 de
1280 2009 1335 2070 dis·

165 2119 274 2192 putatis
288 2117 455 2180 Ratiebonae
470 2119 501 2177 in
515 2117 656 2191 colloquio
678 2122 708 2178 et
726 2124 827 2180 contra
845 2120 1062 2180 vintoniensem
1083 2119 1236 2193 epistolum
1253 2115 1338 2180 uobis

164 2223 194 2282 iu
208 2221 363 2298 hospitium
377 2224 546 2284 transmisit.

253 2327 312 2388 Sub
333 2343 445 2388 coenam
467 2328 581 2388 Samuel
611 2344 700 2405 nepos
722 2328 843 2390 adduxit
870 2328 1134 2402 Schwartzbergum
1162 2325 1198 2386 de
1221 2325 1333 2388 Beben·

164 2436 236 2510 berg
251 2439 281 2493 et
288 2430 432 2494 Baronem
441 2432 532 2494 filium
541 2434 682 2528 Fridem'ci
692 2453 710 2495 e
721 2433 970 2508 Schwarzenberg,
987 2433 1044 2508 qui,
1061 2431 1139 2506 quod
1149 2433 1259 2492 Josuni
1271 2432 1334 2492 Fri·

164 2540 261 2601 derico
276 2541 395 2601 electori
407 2541 591 2616 militauerat,
608 2541 716 2602 ditione
731 2557 784 2602 sna
798 2541 941 2614 privatus,
957 2555 1042 2612 quem
1059 2537 1197 2597 Albertus
1213 2536 1337 2597 marchio

163 2662 200 2706 ex
215 2646 290 2706 douo
305 2663 431 2708 caesereo
445 2652 533 2708 huet.
558 2647 604 2707 Sic
618 2647 694 2708 servi
709 2647 818 2707 domini
835 2647 959 2720 exulent,
975 2644 1123 2704 helluones
1137 2643 1273 2718 papistici
1287 2642 1336 2702 do·

163 2751 257 2810 miniis
272 2752 394 2813 edorum
408 2749 542 2812 huuutnr
558 2757 588 2811 et
600 2751 772 2812 helluantur.
801 2749 941 2812 Dominus
956 2754 1053 2810 tamen
1073 2763 1132 2809 non
1153 2748 1335 2822 derelinquet

165 2871 232 2916 suos
247 2857 278 2916 in
291 2854 388 2916 finem.

254 2960 425 3034 Supervenit
439 2965 469 3019 et
482 2959 617 3018 Hoieusis
632 2959 814 3019 secretarius.

251 3062 331 3124 Nota
346 3063 510 3124 comitatum
523 3063 627 3121 Frisios
640 3064 790 3124 orientalis
805 3079 868 3124 esse
882 3061 999 3126 feudum
1014 3066 1148 3126 comitum
1169 3061 1333 3124 Hollandiee

164 3168 202 3230 ad
216 3168 366 3242 imperinm
380 3173 476 3228 umen
490 3166 628 3228 hactenns
643 3170 791 3243 pertinuit,
809 3169 860 3229 sed
875 3165 950 3229 nunc
965 3187 1001 3230 ea
1014 3187 1061 3229 res
1077 3186 1108 3229 se
1123 3169 1253 3229 mutavit.

252 3272 375 3333 Domine
389 3272 474 3348 Jesu,
497 3275 546 3346 qni
560 3273 737 3347 paracletum
753 3272 899 3350 discipulis
918 3275 976 3333 tuis
997 3275 1151 3349 promisisti
1174 3280 1203 3333 et
1223 3271 1334 3342 misisti,

164 3395 278 3454 quoque
290 3395 344 3455 pro
356 3378 440 3441 nobis
455 3379 632 3440 intercedere
648 3378 775 3454 digneris
790 3381 866 3454 apud
880 3384 992 3454 patrem
1007 3385 1088 3440 tuum
1103 3380 1261 3452 coelestem,
1276 3389 1333 3447 quo

163 3482 246 3547 uobis
269 3485 391 3548 eundem
415 3487 623 3547 consolatorem
644 3486 777 3559 spiritum
798 3487 940 3560 impartiri
959 3486 1042 3560 uelit,
1066 3486 1115 3559 qui
1137 3483 1234 3543 omnia
1254 3477 1334 3539 nobis

162 3597 311 3666 suggerat,
336 3598 370 3650 ut
388 3595 418 3650 et
437 3592 589 3666 praeceptis
610 3592 668 3652 tuis
690 3591 779 3652 dediti
799 3590 921 3651 eundem
939 3594 1052 3664 patrem
1070 3607 1123 3665 per
1136 3594 1166 3649 te
1181 3589 1212 3647 in
1228 3585 1331 3662 spiritu

163 3699 261 3753 sancto
276 3710 402 3755 amemus
417 3701 525 3755 etcum
538 3702 663 3757 tremore
678 3712 862 3757 revereamur
876 3697 907 3756 in
922 3697 1097 3769 sempiterna
1112 3694 1217 3754 secula.

251 3796 397 3859 Nunciata
418 3801 518 3862 eadem
541 3818 618 3862 mors
641 3801 764 3862 Joannis
785 3802 925 3877 Hilchen,
956 3801 1060 3874 equitis
1082 3799 1179 3860 aurati
1200 3802 1229 3859 et
1255 3791 1334 3853 ducis

164 3904 305 3964 exercitus
321 3903 485 3965 Caesariani.

250 4009 349 4072 Abbas
372 4011 403 4068 iu
417 4009 619 4084 Weingarten,
644 4010 693 4082 qui
718 4012 824 4084 etipse
846 4012 923 4070 inter
944 4015 1036 4070 status
1059 4008 1172 4082 imperii
1187 4021 1267 4066 suam
1290 4002 1334 4079 (ut

161 4112 277 4191 vocant)
300 4116 456 4176 sessionem
478 4119 508 4175 et
528 4129 627 4174 vocem
648 4112 745 4187 habet,
769 4115 854 4174 homo
872 4117 956 4188 juxta
969 4116 1064 4175 caruis
1079 4113 1263 4188 prudentiam
1276 4123 1334 4167 non

162 4221 297 4280 exomni
320 4226 404 4297 parte
428 4219 563 4294 stolidus,
599 4219 666 4278 dnm
686 4218 934 4292 sesquipedalibus
956 4218 1051 4279 verbis
1077 4214 1285 4278 confoederatio
1306 4216 1336 4270 et

161 4327 319 4386 transactio
333 4332 477 4386 terrarum
490 4325 740 4385 haereditariarum
755 4323 877 4383 Caesaris
892 4339 955 4382 curn
977 4324 1098 4398 imperio
1113 4329 1167 4382 etc.
1184 4331 1334 4396 praepone·

162 4437 254 4509 retur,
269 4431 320 4507 ait,
344 4430 399 4490 sibi
413 4428 505 4490 videri
520 4442 578 4489 non
591 4428 730 4503 absimile,
750 4431 776 4490 si
798 4430 862 4502 quis
881 4428 1020 4507 ruginem
1034 4429 1166 4489 viciatum
1181 4425 1269 4487 alicui
1280 4435 1335 4498 pro
