2940 4900
757 307 822 372 idd

205 497 253 552 tus
266 495 365 550 noster
383 487 483 550 durias
507 491 688 565 premeretur
705 491 758 550 aut
776 487 807 548 in
826 489 1030 563 capitulatione
1058 487 1112 565 (ut
1126 481 1250 562 vocant)
1270 483 1333 560 quid
1343 500 1382 544 mc

205 594 348 657 iacturum
362 595 530 669 reciperem,
546 593 624 654 unde
638 592 765 654 libertati
783 599 892 654 nostra
912 596 958 654 vel
978 594 1150 670 privilegiis
1175 591 1287 665 aiiqmd
1298 590 1384 664 pericli

207 715 270 760 essa
284 704 390 774 posset.
413 699 540 773 Rogavit
554 714 668 774 quoque
682 705 820 772 cognatus
836 707 946 776 noster,
967 706 1000 761 ιιι
1015 684 1129 762 'comiti
1147 697 1299 758 abessan
1311 709 1383 768 pecu

207 807 294 880 niam,
311 821 397 880 quam
411 805 467 864 buc
480 805 619 866 missurus
635 809 720 879 esset,
736 805 853 879 talcros,
869 805 987 866 sirecte
1002 805 1139 878 memini,
1157 803 1300 862 ducentos
1312 796 1384 860 aliar·

205 927 267 972 rem
282 909 433 983 eidemque
448 911 510 982 ejus
525 910 639 970 nomine
654 911 764 984 malias
779 924 904 984 agerem
927 911 999 970 Hac
1014 911 1119 972 omnia
1130 905 1325 968 hhcutissima
1336 901 1384 960 icc

205 1023 301 1078 turum
316 1029 362 1073 ma
376 1013 482 1088 recepi,
498 1013 584 1074 modo
600 1013 670 1089 quid
689 1013 824 1088 precibus
847 1015 972 1076 obtineri
987 1021 1100 1088 possm.
1145 1009 1322 1086 Respondit,
1343 1021 1386 1079 ΡΝ

205 1121 282 1180 uirili
296 1133 430 1193 maram,
455 1118 501 1178 sin
515 1118 608 1178 minus
622 1119 666 1178 illi
681 1125 761 1180 certo
775 1135 945 1193 persuasum
961 1136 1038 1194 csse,
1060 1124 1200 1194 patrem.
1210 1129 1297 1182 suum
1318 1125 1387 1184 aelit

205 1227 237 1288 tn
250 1227 356 1302 omnia,
373 1223 476 1300 quihus
491 1240 537 1284 me
551 1225 723 1286 astrictorus
738 1239 845 1299 essem,
863 1241 1068 1286 consensurum
1085 1238 1227 1299 quoque,
1248 1218 1387 1280 obnixcct

205 1330 325 1394 iratrem
345 1335 473 1390 nostrum
488 1329 652 1403 Philippum
670 1344 729 1388 uon
750 1330 844 1390 minus
868 1346 963 1390 acme
985 1331 1173 1405 deprecans,
1198 1343 1239 1386 nc
1253 1338 1338 1398 quam
1349 1318 1388 1378 vol

206 1438 269 1510 ejus
282 1436 329 1497 vcl
342 1435 434 1511 patris
448 1434 622 1494 mentionem
635 1431 805 1494 faceremus.
842 1434 999 1510 Respondi,
1015 1451 1081 1508 uuae
1097 1449 1154 1494 res
1171 1429 1301 1501 ferebat,
1316 1423 1385 1486 Obri-

206 1547 283 1602 stum
296 1555 412 1618 rogans,
427 1545 461 1600 ιιι
474 1540 611 1612 sospitam
625 1538 718 1612 ipsum
732 1538 899 1599 adnostros
914 1537 1085 1614 deduceret,
1105 1538 1337 1612 Augustumque
1348 1545 1386 1588 ro

206 1647 287 1721 petii.
325 1643 556 1704 Aehcmmicum
576 1642 741 1704 Oasareum
762 1643 888 1718 Appiani
907 1645 1074 1706 Hermanno
1089 1643 1202 1704 Nellio
1226 1634 1385 1700 tradendum

208 1763 298 1822 nepos
312 1751 410 1808 noster
424 1762 520 1807 secum
529 1748 697 1822 asportavit,
714 1764 785 1821 quos
800 1763 897 1808 secum
912 1763 948 1808 ex
963 1743 1085 1824 paterna
1100 1743 1225 1810 familia
1237 1743 1387 1818 Augustali

208 1851 382 1924 adduxerat,
413 1867 528 1924 omnes,
545 1850 660 1912 Christo
674 1853 784 1927 matta,
807 1853 971 1914 incolumes·
977 1870 1074 1914 ascum
1088 1853 1231 1926 abduxit,
1248 1849 1316 1908 licet
1328 1841 1383 1902 nit·

209 1973 306 2022 marus
321 1954 359 2017 ab
374 1971 448 2031 equo
463 1957 629 2018 calcitratus
642 1956 739 2033 suevit,
752 1959 917 2021 Helvetium
931 1974 1001 2020 vero
1015 1959 1088 2020 illia
1102 1957 1238 2034 pedihus
1253 1951 1321 2014 ante
1333 1945 1385 2006 dits

212 2065 322 2137 eliquat
335 2059 494 2122 liberaliter
510 2059 667 2122 dimiserat.
696 2063 828 2124 Deducat
841 2063 922 2122 illum
936 2064 1096 2128 Samuelem
1110 2062 1246 2138 angelus
1260 2053 1347 2120 Jacob
1359 2052 1384 2108 ti

202 2168 325 2228 ,baama
346 2165 427 2254 illum
450 2163 537 2226 faciat
555 2164 701 2242 dominus,
723 2174 757 2228 ut
780 2169 839 2228 suis
858 2167 896 2228 sit
910 2169 941 2228 iu
961 2169 1057 2243 patria
1077 2172 1172 2243 pater
1200 2169 1233 2226 ct
1252 2164 1284 2223 iu
1301 2159 1382 2220 mm

203 2273 290 2349 juxta
305 2285 355 2332 cor
372 2268 609 2334 dominievadat.
632 2270 735 2332 Amen
1119 2327 1120 2332 ,

296 2377 408 2438 Eadem
422 2375 571 2439 Liberium
584 2377 710 2450 Viglium
729 2387 832 2438 rursus
850 2378 1003 2446 convenire
1018 2378 1160 2453 iussimus
1185 2383 1219 2436 et
1233 2378 1268 2434 ut
1282 2363 1381 2432 doctori

208 2483 295 2546 Seldc
310 2483 437 2544 notulam
452 2481 718 2557 illcmneportarct.
756 2481 819 2542 Hac
839 2482 886 2543 die
908 2485 1031 2558 primum
1046 2495 1082 2543 ax
1095 2476 1268 2544 Etadcrifio
1282 2467 1377 2541 auca
1454 2531 1455 2544 ,

206 2588 348 2650 cubadum
365 2603 468 2663 meum,
485 2603 542 2663 quo
556 2589 621 2662 ipae
633 2589 701 2647 vehi
712 2587 849 2658 solebam,
871 2587 964 2646 visum
979 2578 1156 2648 amisissem
1168 2571 1266 2650 alium
1278 2579 1378 2640 floren

207 2695 369 2770 breitingen
387 2709 462 2768 panc
484 2689 655 2755 aiuroiiaro
675 2691 798 2767 quodam
818 2687 945 2752 furatum
964 2691 1062 2755 fuisse.
1101 2692 1160 2765 Qui
1186 2706 1254 2752 cum
1269 2688 1300 2746 iu
1313 2691 1376 2753 acm

207 2807 328 2875 amaret,
344 2801 449 2860 miselli
463 2798 613 2872 cujusdam
627 2799 734 2874 aurigae
745 2812 849 2871 equum
864 2811 927 2856 cum
942 2813 1008 2859 mec
1023 2799 1122 2872 lupato
1136 2796 1226 2860 freno
1242 2799 1273 2854 ct
1287 2785 1374 2864 aphia

201 2908 256 2980 pic
270 2905 455 2990 phalerisque
469 2903 602 2966 abduxit.

297 3007 446 3068 Conradm
468 3007 542 3066 Foss
566 3006 668 3066 casuri
688 3006 744 3067 duo
765 3005 855 3066 miliia
875 3011 904 3066 et
929 3008 1099 3082 qmucenma
1128 3023 1237 3072 aureos
1263 2999 1373 3063 moneta

209 3110 351 3172 comantis
365 3111 396 3170 iu
409 3110 544 3170 mulctam
559 3109 649 3172 dabit.

296 3214 407 3276 Eadem
429 3210 572 3289 quendam
595 3216 663 3276 clim
685 3215 813 3276 eDania
826 3211 963 3292 iugatum
983 3219 1147 3293 episcopum
1168 3219 1201 3278 in
1217 3203 1372 3278 documii

208 3321 280 3382 urbe
295 3325 325 3382 et
339 3318 475 3397 Laudem,
496 3321 546 3395 qui
568 3339 587 3382 a
606 3321 726 3396 septima
747 3321 976 3382 antemeridiana
997 3322 1036 3383 ad
1059 3323 1259 3384 duodecimam
1272 3315 1372 3380 mnium

208 3429 270 3504 cius
284 3427 341 3490 diei
362 3433 505 3504 agrotans
525 3427 682 3504 expiravit,
707 3428 754 3490 oui
772 3425 887 3486 beatam
912 3430 1153 3497 resurrectionem
1173 3437 1204 3492 et
1227 3419 1370 3504 propitiim

208 3533 293 3596 deum
311 3550 476 3610 precamur,
503 3534 533 3594 in
552 3534 723 3596 dominicum
737 3531 874 3610 Augusta
898 3533 1105 3611 deportarunt,
1126 3537 1310 3607 nescioquas
1322 3535 1371 3582 ⁰5·

208 3639 351 3698 remouias
373 3638 509 3700 funebres
538 3656 625 3716 super
650 3641 712 3715 ejus
742 3639 859 3700 amvias
890 3639 1079 3701 celebrantes.
1126 3643 1235 3714 Quibus
1257 3625 1368 3714 paractis

207 3739 293 3798 lanua
321 3741 352 3798 iu
380 3743 474 3802 locum
494 3747 681 3808 ‘secretorum
711 3760 775 3806 cum
801 3743 980 3818 sarcophago
1013 3751 1186 3819 seponentes
1216 3762 1250 3811 ao
1279 3738 1370 3815 ΡΟΝ

207 3842 416 3923 sarcophagum
447 3848 547 3906 currui
581 3851 760 3924 imponentes
797 3847 868 3910 illud
897 3850 983 3923 juxta
1008 3849 1205 3914 Constantium
1239 3841 1365 3912 eumden·

209 3951 277 4012 dum
299 3949 498 4022 deportarunt.
557 3951 627 4012 Fuit
650 3955 696 4012 hio
724 3956 874 4031 episcopus
899 3955 1014 4014 nomine
1045 3961 1156 4016 tantum
1181 3972 1235 4016 nac
1255 3953 1367 4022 unquam

208 4057 422 4132 episcopatuum
441 4070 558 4115 suorum
577 4071 693 4130 compos
712 4055 782 4132 luit,
813 4075 913 4119 verum
928 4060 1044 4120 aliunde
1066 4045 1160 4135 maha
1179 4059 1291 4122 casaris
1310 4043 1365 4110 rid·

211 4163 287 4223 ditus
302 4161 413 4235 aliqum
430 4159 543 4235 babuit,
566 4160 662 4220 aulam
685 4162 800 4220 casaris
816 4169 944 4239 secutus,
967 4166 1013 4224 oui
1034 4167 1102 4226 olim
1121 4167 1295 4241 producimus
1311 4151 1363 4219 flii

210 4265 266 4324 uisi
281 4263 482 4342 Grandevela,
499 4283 536 4326 ne
550 4283 631 4328 ruam
646 4267 829 4328 autoritatem
845 4270 1020 4344 amitterent,
1038 4287 1103 4330 cum
1117 4273 1185 4332 aula
1199 4259 1364 4332 amavissent.

302 4368 413 4430 Eadem
427 4370 530 4434 Florus
541 4373 676 4449 Viglium,
693 4373 809 4436 sudum
824 4381 855 4444 et
868 4391 966 4436 omncs
976 4375 1042 4446 ‚iere
1056 4377 1236 4443 mutaticum
1250 4362 1365 4450 ΜΡΝ·
