2966 4900
683 359 746 425 187

118 550 237 617 quanta
253 543 402 618 diligentia
416 547 531 602 sanctus
550 542 596 600 hic
616 543 763 615 apostolus
782 557 880 600 omnes
899 541 1027 599 honrines
1047 541 1161 604 Christo
1180 542 1295 603 lncriluss

117 665 191 707 cere
207 654 238 707 et
252 647 290 710 ad
304 649 397 706 Deum
417 648 561 707 adducere
582 648 612 704 in
631 645 686 704 hac
706 646 829 719 epistola
849 652 968 705 muetos
988 649 1039 719 sit,
1063 649 1196 706 nimirum
1217 649 1295 721 qnod

116 754 333 827 singulisque
357 752 477 824 quisque
500 750 610 810 laceret
633 751 855 825 praescripserit,
880 751 977 823 pueris
1004 752 1124 824 scilicet,
1149 757 1294 826 provectu

115 857 218 916 aetutis
234 856 395 914 hominibus
416 861 445 914 et
464 855 701 915 adolescentibus.
733 855 816 912 Nunc
836 861 931 914 autem
946 871 1126 914 communem
1147 856 1296 916 ecclesiam

116 961 284 1033 alloquitur
297 960 453 1019 admonens
468 973 504 1017 ne
518 959 617 1016 mundi
631 959 768 1020 illicebris
788 975 818 1016 se
839 960 948 1018 irretiri
967 961 1135 1033 permittunt
1154 960 1295 1034 simulque

117 1063 282 1123 ostendens
303 1081 387 1137 quum
406 1065 514 1121 nohum
533 1063 646 1135 quidem
667 1067 780 1122 aetatem
801 1062 936 1136 superbia
957 1064 1064 1123 deceat.
1096 1063 1140 1122 Ac
1160 1066 1207 1123 hic
1225 1081 1293 1124 con-

117 1170 258 1228 cionator
272 1169 485 1241 aggressionem
499 1165 568 1225 lecit
582 1183 634 1241 per
649 1168 776 1240 singulos
791 1171 893 1240 status,
910 1167 1040 1241 allegans
1060 1169 1132 1226 illud
1151 1169 1179 1227 d.
1201 1169 1294 1227 Petri:

118 1273 205 1332 Deus
221 1273 352 1346 superbis
367 1273 489 1344 resistit,
505 1271 659 1329 humilibus
674 1275 770 1328 anum
786 1271 837 1328 dot
852 1272 988 1344 gratium,
1014 1273 1092 1344 qnod
1105 1273 1167 1330 haec
1181 1274 1241 1330 vita
1255 1272 1297 1330 nil

120 1379 181 1436 nisi
196 1393 290 1450 vapor
304 1381 333 1436 et
347 1375 440 1434 summ
457 1375 572 1448 quidem
587 1377 632 1433 sit.
657 1375 752 1434 Probe
767 1391 803 1432 ex
818 1377 961 1447 scripture
970 1373 1296 1448 lregilitutemhumanae

120 1481 300 1541 conditionis
322 1481 487 1554 depingens.
524 1480 597 1537 Item
618 1496 703 1551 qnam
723 1479 832 1537 lenibus
854 1477 996 1536 derebus
1019 1480 1189 1551 aequisque
1212 1478 1295 1537 alteri

119 1582 266 1659 praeferre
282 1585 383 1658 solent,
400 1586 425 1641 si
441 1582 518 1656 quod
533 1582 638 1641 donum
654 1599 715 1655 prae
730 1569 832 1640 ceteris
847 1582 1014 1641 mortalibus
1030 1581 1117 1641 aDeo
1127 1587 1294 1656 consecutus

120 1690 169 1747 sit.
195 1689 305 1748 Jnhens
320 1688 434 1748 tandem
450 1693 482 1746 ut
498 1687 627 1760 exemplo
639 1687 768 1758 junonius
783 1687 853 1760 evis,
870 1703 934 1758 quae
950 1687 1018 1744 dum
1028 1686 1208 1746 decoloratus
1222 1703 1292 1761 pen·

121 1810 179 1852 nas
195 1795 333 1864 intuetur,
349 1791 481 1850 laudatus
496 1789 631 1863 ostendit,
646 1791 837 1848 intumescens
852 1807 886 1850 uc
900 1790 1023 1864 superbe
1038 1771 1184 1866 incedens,
1202 1791 1292 1851 nodo·

122 1913 172 1956 sos
188 1912 258 1955 vero
273 1897 376 1969 pedum
392 1911 508 1953 suorum
528 1894 676 1965 articulos,
700 1896 749 1966 qui
769 1896 850 1968 lepra
871 1895 1016 1968 conspersi
1035 1895 1182 1968 dicuntur,
1202 1895 1294 1956 consi-

122 2000 232 2060 derans
248 2000 365 2060 cendum
381 1999 504 2059 demittit
519 2005 548 2058 et
562 2000 666 2057 misere
681 1999 813 2058 eiulatus.
846 2001 893 2059 Sic
908 2005 937 2059 et
952 2016 1004 2058 nos
1019 2002 1044 2058 si
1059 1999 1105 2058 vel
1119 1999 1230 2074 opibus,
1247 1999 1294 2058 rel

123 2107 246 2164 scientia
262 2110 292 2164 et
305 2107 329 2163 si
345 2104 415 2180 quid
429 2104 513 2176 huiJus
527 2102 629 2162 tunna
644 2102 730 2161 rebus
745 2106 912 2163 tumidiores
925 2105 1089 2177 reddamur,
1106 2103 1230 2162 animum
1245 2118 1291 2180 re-

123 2210 253 2269 colentes
269 2212 438 2282 cogitemus,
455 2207 532 2280 quod
547 2208 640 2280 pulvis
656 2213 685 2266 et
698 2208 799 2267 umbra
815 2225 920 2266 sumus.
951 2207 1059 2280 Hodie,
1080 2208 1187 2281 inquit,
1207 2207 1293 2265 homo

124 2316 180 2375 sibi
192 2315 248 2386 ipsi
260 2313 351 2372 bellus
366 2318 524 2386 utmagnus
536 2311 657 2384 videtur,
671 2328 734 2368 cras
748 2313 822 2369 forte
835 2318 978 2384 aegrotans
991 2311 1036 2370 vel
1048 2310 1102 2367 huc
1113 2311 1178 2383 ipsa
1191 2309 1236 2368 die
1249 2311 1295 2368 vel

125 2417 265 2491 perendie
280 2424 359 2477 terra
373 2417 514 2476 conditur.
537 2415 644 2474 Docuit
659 2431 773 2487 quoque
789 2418 884 2473 omniu
894 2413 1000 2473 Christi
1014 2428 1082 2486 ergo
1097 2412 1295 2487 posthabenda

126 2538 199 2596 esse,
216 2522 322 2581 liberos
338 2536 451 2593 quoque
465 2524 495 2577 et
510 2519 626 2577 charum
642 2519 798 2591 conjugem,
815 2519 840 2575 si
855 2517 960 2576 Christi
975 2517 1068 2575 honor
1083 2518 1188 2589 exigat,
1205 2517 1295 2589 negli-

126 2626 237 2699 gendos
252 2643 286 2684 uc
296 2626 380 2699 juxta
395 2625 422 2684 d.
439 2624 522 2682 Pauli
538 2617 720 2682 senffintiam:
744 2621 797 2693 Qui
811 2621 919 2680 habent
937 2637 1056 2694 uxores,
1078 2622 1136 2678 sint
1156 2627 1294 2693 tunquam

126 2745 185 2789 non
199 2727 350 2812 habentes.
380 2728 430 2785 Ait
445 2732 542 2786 nutem
555 2743 612 2785 non
627 2725 787 2798 prohiberi,
809 2723 956 2798 possidere
976 2725 1021 2782 vel
1040 2724 1148 2784 hebere
1169 2725 1292 2798 divitias,

126 2833 211 2892 modo
228 2833 302 2892 datis
317 2839 395 2892 recte
413 2833 503 2891 utaris
525 2836 554 2889 el
573 2831 768 2890 Abrahamum
787 2845 848 2903 prae
871 2829 958 2886 oculis
978 2829 1084 2888 habeas
1108 2833 1137 2888 et
1156 2846 1173 2888 e
1192 2834 1294 2887 contre

127 2935 245 2995 divitem
259 2937 338 2994 illum
353 2937 502 3008 epulonem
519 2935 720 3008 euangelicum.
753 2933 869 3006 Adjecit
884 2948 996 3006 quoque
1011 2934 1152 2992 neminem
1167 2947 1251 3006 posse
1266 2937 1295 2991 et

127 3040 191 3099 Deo
216 3046 245 3098 et
271 3041 442 3098 Mammonae
465 3040 581 3098 servire.
620 3040 845 3112 Benignissimus
871 3043 955 3111 puter
978 3039 1102 3098 coelestis
1128 3054 1183 3112 per
1205 3036 1294 3096 lilium

128 3161 210 3202 snum
226 3144 449 3217 dilectissimum,
467 3149 499 3202 ut
513 3143 611 3202 habita
625 3145 738 3202 ratione
753 3142 917 3216 fragilitatis
932 3148 1039 3202 nostrae
1054 3145 1147 3218 ipsum
1159 3145 1249 3202 solum
1265 3147 1294 3201 et

128 3265 212 3321 quem
227 3249 304 3307 misit
318 3250 347 3305 in
362 3248 468 3306 bonum
482 3248 573 3305 nostri
589 3247 688 3306 Jesum
704 3247 848 3306 Christum
868 3265 965 3307 amare
986 3253 1015 3306 et
1037 3249 1066 3305 in
1086 3247 1245 3306 hnmilitate
1264 3251 1295 3303 et

128 3352 268 3425 patientia
289 3355 388 3410 sanctu
410 3351 520 3410 animos
541 3358 655 3410 nostros
676 3352 838 3430 possidere,
862 3351 1017 3424 acbuvante
1037 3365 1090 3408 nos
1113 3350 1217 3423 spiritu
1241 3365 1293 3406 suo

128 3462 227 3515 sancto
242 3455 398 3528 valeamus,
408 3455 515 3528 largiri
531 3453 674 3528 dignetur.
697 3457 799 3514 Amen.
947 3433 950 3438 ¹

217 3538 401 3616 Plebiscitum
416 3559 593 3618 bohemicum
609 3565 700 3617 estut
715 3561 763 3631 qui
779 3576 797 3617 a
817 3557 973 3616 baronibus
994 3554 1208 3627 quatuordecim
1226 3553 1294 3610 lutae

130 3663 280 3721 sententia
295 3657 484 3734 contradicet,
500 3665 651 3722 ethonore
667 3668 696 3720 et
711 3677 831 3734 corpore
846 3661 1033 3732 periclitetur.
1064 3659 1137 3716 Item
1150 3659 1237 3717 moris
1251 3664 1297 3718 est

129 3766 159 3824 in
177 3765 330 3840 Bohemiu,
353 3771 386 3824 ut
406 3766 566 3838 ubicunque
588 3765 708 3825 dominis
729 3765 846 3824 libuerit
868 3765 961 3822 coloni
984 3768 1102 3837 accepta
1123 3764 1245 3838 pecunia
1267 3769 1296 3824 et

129 3870 206 3942 agris
222 3873 251 3929 et
265 3869 348 3928 domo
364 3871 466 3929 cedere
482 3876 629 3944 coguntur.
1115 3931 1128 3947 ‚

219 3973 338 4032 Liborio
353 3975 513 4047 injunctum
527 3978 560 4032 nt
574 3975 793 4033 Atrebatensem
808 3974 979 4044 alloquatur.
1010 3972 1106 4046 Ipsum
1119 3973 1207 4045 igitur
1225 3984 1294 4027 con-

130 4077 247 4136 veniens
263 4077 366 4137 obnixe
382 4079 562 4152 deprecatur,
579 4084 612 4137 nt
627 4079 733 4136 auxilio
749 4094 811 4136 esse
827 4079 904 4150 velit,
922 4093 977 4149 quo
992 4078 1096 4134 litterae
1108 4073 1295 4131 absolutionis

129 4181 379 4240 conscriberentur
394 4181 477 4242 etad
492 4197 647 4241 caesareum
661 4183 840 4255 majestatem
855 4181 924 4238 mihi
939 4181 1049 4239 veniam
1066 4176 1142 4250 apud
1161 4191 1227 4234 eum
1245 4177 1294 4236 de·

130 4286 267 4358 precandi
284 4291 313 4344 et
327 4287 407 4344 locus
424 4290 452 4343 ct
466 4290 578 4360 tempus
594 4286 776 4344 indicaretur.
808 4285 906 4343 Primo
925 4285 1014 4356 igitur
1032 4279 1231 4340 Atrebatensis
1248 4299 1294 4342 re·

129 4391 205 4465 nuit,
230 4391 329 4448 dicem
349 4390 393 4449 illi
411 4390 496 4449 modo
518 4390 555 4449 nd
577 4389 739 4462 huiusmodi
759 4405 818 4448 non
839 4403 902 4447 esse
924 4387 1024 4445 ocium.
1056 4384 1094 4446 lt
1107 4385 1211 4444 Florus
1225 4387 1297 4446 nihil
