3028 4894
739 325 784 389 24

174 528 270 587 causa,
286 510 388 583 iuquit,
404 509 435 568 in
449 509 635 585 imperatoria
645 507 796 580 maiestate
808 507 864 567 sita
877 513 929 567 est.
962 504 1044 578 Quod
1057 505 1095 565 ad
1104 505 1256 568 electorem
1267 521 1346 584 vero,

173 619 199 678 si
213 633 260 677 res
275 617 316 676 itu
330 620 387 689 est,
411 622 444 676 ut
460 614 495 675 de
515 615 559 673 his
573 614 648 672 inter
662 628 712 672 ves
727 616 883 688 tractetur,
908 613 974 672 date
990 629 1107 687 operam
1122 617 1155 672 ut
1170 612 1347 675 Coloniensis

173 723 254 783 vebis
268 723 375 783 amicus
394 720 542 781 reddatur.
582 718 688 779 Postea
703 719 728 777 si
743 718 813 790 quid
832 719 871 778 od
890 718 1100 778 exeusationem
1118 720 1206 778 vestri
1224 719 1346 796 habetis,

173 827 291 888 concilio
306 827 448 902 imperiali
461 823 570 886 offerte.
608 823 666 884 Ubi
680 840 767 884 causa
786 824 824 884 ad
843 840 895 884 nes
919 824 1053 884 devoluta
1072 820 1176 900 fuerit,
1200 841 1254 899 ege
1270 825 1346 886 dabo

173 949 300 1007 eperum,
316 936 349 990 ut
363 931 401 990 ad
414 932 616 1008 imperatorem
631 927 787 1004 deferetur,
804 930 869 989 etsi
884 929 1031 1003 quidboni
1045 929 1099 988 hae
1113 930 1144 987 in
1158 945 1191 989 re
1205 935 1345 1003 presure

174 1053 285 1113 queam,
302 1038 445 1112 experiar.
476 1035 549 1094 Tum
563 1034 712 1096 Liberius:
728 1034 976 1095 Reverendissime
990 1035 1105 1110 praesul,
1121 1034 1238 1094 comites
1252 1037 1346 1095 nostri

174 1161 233 1204 non
247 1149 315 1202 aunt
329 1157 428 1203 aarum
442 1139 618 1215 facultatum,
634 1146 667 1200 ut
680 1141 727 1199 hio
740 1141 840 1215 longas
855 1157 950 1200 meras
965 1145 1081 1200 nectere
1095 1146 1210 1214 queant.
1251 1143 1347 1216 Quare

174 1255 276 1327 petunt
290 1248 530 1309 reverendissime
541 1246 578 1306 D.
590 1247 625 1306 V.
641 1246 718 1319 apud
733 1262 886 1306 caesaream
897 1249 1077 1322 maJestatem
1091 1249 1236 1322 negotium
1252 1254 1347 1308 matu·

173 1372 241 1416 rare
256 1355 398 1431 dignetur.
436 1354 484 1414 Ad
498 1353 559 1412 haec
573 1351 785 1439 Atrebatensis‚
807 1353 888 1426 quasi
902 1351 1123 1428 subiracuudus,
1139 1370 1197 1412 non
1212 1354 1347 1427 arbitror,

173 1463 276 1537 inquit,
288 1475 441 1536 generosos
456 1460 571 1519 comites
586 1459 736 1518 rebellioni
751 1459 958 1518 contumaciam
969 1457 1124 1532 adjungere
1134 1459 1217 1533 velle,
1234 1465 1348 1520 utente

175 1584 344 1643 responsum
358 1568 513 1627 insalutato
530 1564 643 1625 Caesare
658 1564 773 1624 abeant.
797 1564 890 1638 igitur
903 1563 1039 1624 Liberius
1053 1565 1220 1638 petitionem
1233 1565 1350 1624 iteravit

174 1677 204 1733 et
224 1671 424 1732 Atrebatensis
446 1687 481 1730 ex
501 1671 626 1745 hospitio
654 1669 749 1756 enivit.
796 1669 975 1732 Waldeeiaui
1000 1669 1154 1744 hospitium
1175 1668 1348 1749 marchionis

175 1777 308 1838 electoris
329 1776 442 1852 adiere,
471 1777 496 1835 si
513 1774 588 1835 ferte
608 1777 761 1836 electorem
780 1775 945 1848 alloquendi
966 1775 1049 1835 nobis
1067 1775 1150 1848 copia
1168 1771 1267 1850 fieret,
1297 1773 1349 1834 sed

174 1883 270 1943 nullus
285 1884 442 1944 aulicorum
462 1897 614 1957 procerum
629 1882 745 1956 aderat,
766 1881 817 1954 qui
831 1886 959 1941 nostram
973 1881 1155 1956 praesentiam
1170 1881 1288 1942 electori
1302 1882 1347 1940 in-

176 1987 273 2048 dicare
287 1993 394 2063 posset.

265 2093 366 2154 Comes
386 2092 548 2166 aNassau,
573 2092 650 2166 quod
663 2093 750 2152 uariis
765 2092 888 2168 negotiis
907 2092 1139 2167 occupatissimus
1160 2095 1249 2164 esset,
1273 2088 1348 2150 adiri

175 2202 366 2276 nonpeterat.
389 2197 897 2273 Reperimusindomedtrebotensis
908 2198 1054 2258 doctorem
1062 2196 1225 2270 Philippum
1233 2194 1346 2256 Seldeu.

265 2303 453 2364 wandelinus
467 2308 496 2363 et
504 2303 608 2362 Florus
619 2303 800 2363 archiducem
809 2304 1035 2379 Maximilianum
1044 2303 1223 2362 dominorum
1234 2302 1348 2362 nemine

176 2426 262 2472 crare
275 2410 420 2485 volebant,
435 2415 468 2470 ut
477 2411 555 2486 apud
567 2425 666 2485 regem
677 2414 790 2486 patrem
802 2409 894 2469 nestri
906 2409 1059 2469 clementer
1072 2407 1233 2466 meminisse
1247 2405 1346 2481 digua-

175 2515 271 2591 retur,
287 2531 386 2575 verum
400 2517 425 2575 is
440 2516 471 2574 in
485 2515 548 2576 leco
563 2515 675 2576 conedii
690 2533 749 2575 non
763 2515 874 2576 aderat.

264 2621 375 2682 Eadem
393 2637 467 2680 unus
487 2627 516 2681 et
536 2622 610 2682 alter
632 2622 735 2680 oinium
753 2620 892 2696 Augustae
910 2636 964 2697 per
978 2620 1135 2680 Hauricum
1150 2619 1290 2680 Straoken
1312 2619 1348 2680 de

175 2730 234 2788 situ
255 2728 359 2789 montis
380 2727 518 2802 Isenberg
541 2732 570 2787 et
592 2727 709 2787 mineris
732 2729 796 2787 auri
819 2727 895 2786 circa
917 2724 1106 2787 Gorbachium
1134 2723 1348 2799 diligentissime

176 2834 312 2894 sciscitati
333 2836 413 2906 sunt,
437 2834 532 2892 eonati
553 2834 699 2893 nobiseum
713 2833 921 2893 conditionibus
941 2848 1043 2906 agere,
1068 2847 1167 2893 verum
1189 2831 1257 2905 qnia
1278 2830 1349 2888 mihi

176 2943 319 3013 praesenta
333 2953 402 2995 urse
417 2936 527 2996 catulos
541 2937 693 2997 ostendere
712 2938 806 2998 miuus
824 2939 983 2999 consultum
997 2936 1162 3012 videbatur,
1184 2936 1262 2997 bena
1277 2937 1348 2996 daus

176 3041 265 3101 verba
281 3057 329 3100 eos
344 3045 409 3114 post
427 3055 540 3099 menses
554 3041 679 3116 aliquot,
704 3043 728 3100 si
744 3028 812 3115 quid
828 3042 966 3117 ejusmodi
988 3050 1137 3119 cuperent,
1160 3044 1191 3102 iu
1210 3043 1348 3103 comitatu

176 3152 275 3207 nestro
292 3160 422 3219 quaerere
442 3161 494 3207 nes
506 3144 684 3218 jubebamus.

266 3251 451 3310 Sebastianus
466 3250 539 3311 Mali
553 3251 716 3326 quingentis
731 3253 826 3314 aureis
841 3271 860 3314 a
873 3252 1141 3339 Ferdinandorege
1158 3254 1279 3314 donatus
1294 3260 1346 3314 est.

176 3354 272 3416 Probe
286 3361 316 3416 et
330 3357 375 3416 his
390 3360 475 3416 uetus
495 3362 559 3417 erat
576 3357 657 3417 Hans
671 3357 763 3417 Krall.
801 3359 877 3418 Nam
894 3359 926 3418 hi
945 3363 1013 3419 ante
1033 3375 1125 3419 annes
1143 3359 1255 3433 aliquot
1268 3361 1347 3436 apud

176 3478 228 3524 uos
243 3463 274 3524 iu
288 3478 356 3525 aree
370 3466 470 3524 nostre
484 3462 625 3537 lsenberg
639 3466 731 3523 erant.

264 3568 388 3643 Eadem,
410 3562 476 3629 dum
491 3586 509 3630 a
524 3586 607 3631 coena
621 3575 734 3646 partem
755 3569 834 3630 urbis
857 3584 920 3629 eum
940 3569 1085 3630 sodalibus
1100 3570 1171 3629 meis
1186 3567 1347 3645 obambulo,

175 3674 251 3735 ferte
271 3673 401 3746 offiunxit
421 3690 452 3734 se
466 3675 548 3736 nobis
562 3677 632 3736 ciris
653 3677 770 3751 quidam
791 3673 979 3751 grandevus,
1003 3676 1049 3734 eui
1071 3677 1209 3750 magister
1231 3676 1349 3750 vigilum

175 3781 271 3840 claves
292 3782 385 3852 pertae
407 3781 633 3855 commendarat,
658 3798 722 3842 cum
743 3796 800 3854 que
821 3781 903 3840 varia
924 3779 961 3840 de
979 3782 1058 3842 urbis
1076 3780 1215 3854 Augusta
1236 3782 1346 3856 politia,

176 3881 380 3941 munitionibus
395 3887 448 3942 eto.
472 3885 650 3944 contulimus.
688 3886 787 3959 Aque
809 3903 872 3944 eum
891 3887 968 3945 inter
986 3883 1171 3946 fabulandum
1190 3883 1226 3946 de
1241 3886 1348 3962 duplici

176 4003 259 4048 muro
273 3987 530 4061 interrogaremus,
552 3989 625 4048 hane
640 3990 701 4062 ejus
720 3993 764 4049 rei
777 3993 917 4050 rationem
931 3991 1036 4051 reddit.
1073 3991 1233 4066 Angustam
1247 3992 1349 4052 urbem

176 4108 241 4152 esse
255 4093 411 4167 nunquam,
428 4093 581 4167 quainter
594 4095 800 4169 exiguaspatia
813 4097 871 4155 suis
886 4097 998 4156 moeniis
1011 4101 1040 4156 at
1051 4097 1143 4171 portis
1154 4099 1248 4157 cineta
1262 4101 1348 4172 esset,

176 4202 210 4256 ut
222 4199 337 4272 ipsimet
346 4199 517 4273 videremus,
532 4201 562 4257 et
576 4198 652 4259 hano
666 4200 733 4259 elim
749 4199 878 4260 eoenobio
891 4201 926 4260 D.
938 4202 1029 4262 Ulrici
1043 4202 1183 4262 deminico
1196 4203 1304 4276 templo
1319 4208 1350 4263 et

177 4302 242 4362 aliis
257 4303 455 4363 ecelesiasticis
476 4293 669 4366 mansionibus
690 4309 865 4378 occupatam.
903 4305 944 4365 Ut
959 4308 1107 4381 episcopus
1126 4308 1183 4367 loci
1205 4323 1288 4368 omne
1300 4309 1349 4382 jus

179 4407 233 4468 sibi
246 4408 277 4470 iu
292 4424 355 4470 eam
368 4425 509 4485 usurpare
523 4414 642 4472 meatus
656 4415 686 4472 et
699 4411 822 4472 maxime
835 4411 986 4474 claudendi
1000 4419 1108 4490 portas,
1123 4415 1174 4476 ubi
1188 4420 1219 4476 et
1233 4415 1350 4490 quaudo
