2940 4900
761 307 827 374 iso

208 493 263 550 lius
279 498 331 550 etc.
371 491 445 550 Nam
461 489 598 564 supprimi
614 488 699 548 debet
715 489 748 562 is,
765 490 815 562 qui
829 489 913 549 modo
930 494 983 564 ast,
1000 489 1149 564 religionis
1164 483 1262 549 statiis.
1296 483 1360 561 Qui

207 597 344 655 faciemus
358 592 494 656 andem?
514 593 553 652 Et
567 595 608 652 ita
622 611 640 653 a
655 593 761 668 templo
776 592 909 652 Mauricii
931 595 1053 653 invicem
1072 610 1235 653 sermonem
1254 595 1360 667 protuli·

208 717 271 760 mus
286 701 377 761 donec
391 701 421 758 in
436 697 530 757 forum
545 702 613 756 ante
629 697 743 756 domum
758 700 932 756 senatoriam
947 699 977 756 iu
991 699 1081 756 latum
1096 698 1168 757 illud
1184 699 1310 772 spatium,
1323 698 1364 756 ubi

209 823 227 868 a
242 806 351 864 dextris
374 802 548 878 patibulum,
571 819 589 860 a
609 803 732 860 sinistris
753 801 933 861 aedificiolnm
948 801 1025 860 istud
1039 819 1076 860 ex
1091 803 1237 862 asseribus
1252 817 1363 874 compac-

208 916 278 984 tum,
299 911 329 968 in
352 925 408 982 quo
423 907 644 980 Vogelsbergius
660 907 753 980 capite
768 907 869 980 plexus
884 911 957 979 erat,
979 906 1157 966 devenimus.
1207 908 1293 966 Novit
1307 906 1365 964 deus

207 1014 354 1087 inspector
369 1012 477 1084 cordis,
514 1013 578 1084 quis
600 1011 739 1070 sintontes
754 1015 886 1070 autnon.
924 1009 969 1069 Re
990 1011 1055 1086 ipsa
1073 1017 1173 1070 tamen
1194 1011 1365 1084 comperimus

208 1117 300 1190 magis
314 1113 433 1176 infestas
448 1131 511 1174 esse
526 1131 650 1174 summas
665 1120 823 1188 potestates
833 1131 902 1196 erga
913 1116 1064 1174 veritatem
1074 1117 1290 1188 amplectentes.
1305 1112 1367 1183 Quia

208 1221 296 1293 igitur
316 1221 388 1280 hora
408 1226 584 1295 accesserat,
606 1236 663 1292 qua
686 1221 793 1278 curiam
816 1219 996 1278 consultandi
1016 1222 1111 1293 gratia
1131 1224 1249 1292 petunt,
1267 1216 1365 1274 domino

208 1325 317 1384 Jacobo
340 1341 384 1383 me
403 1325 440 1384 ad
462 1326 616 1384 amicitiam
638 1331 668 1382 et
687 1323 783 1383 cilicia
805 1325 908 1397 obtuli,
937 1340 1043 1398 rogans
1066 1329 1098 1382 ut
1119 1323 1251 1382 Martino
1269 1320 1366 1377 Bucero

209 1446 274 1490 meo
289 1432 403 1489 nomine
418 1430 539 1488 salutem
554 1427 670 1488 diceret.
704 1427 728 1486 0
743 1433 883 1502 tempora,
899 1444 916 1485 o
931 1431 1039 1488 mores!
1068 1429 1208 1502 Respice,
1224 1443 1242 1485 o
1258 1422 1368 1495 deus,iu

208 1533 311 1594 faciem
327 1533 433 1592 Christi
448 1536 491 1593 tui
506 1539 535 1592 et
549 1537 689 1591 memento
705 1533 902 1604 promissionis
916 1536 988 1605 tuae,
1010 1533 1059 1605 qui
1073 1530 1178 1590 fallere
1193 1529 1301 1602 nequis.
1322 1524 1366 1582 Di·
1442 1529 1443 1548 ¹

207 1637 275 1694 xisti
291 1639 382 1712 enim,
405 1639 628 1697 misericordiam
648 1641 726 1695 tuam
746 1642 775 1694 te
796 1653 854 1695 nou
868 1636 1032 1696 ablaturum
1046 1653 1064 1696 a
1078 1637 1204 1708 posteris
1220 1638 1249 1693 et
1262 1631 1366 1690 cohere-

208 1741 290 1800 unus
305 1741 424 1801 uanus
439 1743 516 1800 rmus
530 1743 643 1814 myses
658 1739 710 1798 aar
723 1742 766 1799 tu
781 1741 852 1800 Jesu
866 1723 1016 1799 teneura.
1049 1739 1122 1813 oum,
1139 1741 1198 1800 erto
1214 1753 1266 1796 nos
1281 1734 1367 1794 muu-

207 1848 279 1918 peut
294 1845 498 1904 misericordiae
512 1852 583 1930 tuae,
607 1846 791 1920 pauperiores
807 1846 882 1902 enim
903 1859 1015 1918 sumus,
1041 1861 1126 1918 quam
1146 1845 1204 1919 ipsi
1224 1851 1366 1914 agnoscere
1443 1843 1444 1920 i

209 1964 355 2020 queamus.
379 1950 485 2008 Verum
500 1953 550 2007 tua
565 1956 665 2008 sauma
678 1949 811 2008 voluntas
825 1947 886 2008 fiat.
909 1947 1010 2008 Amen.

296 2051 405 2111 Eadem
421 2058 489 2111 ante
505 2054 670 2111 concionem
692 2051 768 2112 inira
783 2055 911 2127 quintam
926 2059 955 2112 et
970 2054 1119 2140 septimam
1133 2053 1224 2112 horas
1239 2047 1365 2122 capitula·

208 2156 316 2214 bonam
330 2171 430 2215 manus
445 2173 516 2216 meae
532 2157 740 2230 subscriptione
755 2163 785 2216 et
799 2159 904 2216 annulo
920 2158 1077 2230 signatorio
1091 2159 1122 2215 iu
1137 2157 1265 2232 hospitio
1279 2155 1365 2211 nosuo

207 2260 455 2320 corroboravimus
471 2261 535 2338 (rex
549 2279 669 2340 reguum
683 2259 813 2337 adverte)
830 2278 865 2320 ae
878 2279 942 2320 eam
961 2261 1079 2321 Liborio
1095 2260 1261 2322 doctoribus
1283 2252 1364 2326 l'igllo

209 2365 339 2426 etSeldo
354 2365 528 2426 offerendam
545 2368 681 2440 dedimus,
698 2369 746 2442 qui
762 2373 900 2440 utrosque
914 2382 973 2425 una
991 2366 1098 2439 reperit
1112 2365 1222 2439 diceus,
1239 2357 1365 2435 capitula·

208 2470 314 2529 tionem
335 2470 450 2543 quidem
469 2479 501 2531 ut
516 2473 670 2546 jussissent
691 2487 743 2543 per
763 2487 809 2530 me
828 2471 1029 2546 subscriptam,
1060 2475 1187 2528 attamen
1211 2485 1256 2529 me
1274 2467 1365 2525 bonam

208 2587 288 2648 spem
303 2575 466 2647 concepisse
485 2582 514 2634 et
528 2568 651 2649 idipsum
671 2592 783 2650 qnoque
803 2592 849 2635 me
871 2577 908 2634 ab
923 2577 965 2634 eis
985 2579 1098 2648 petere,
1119 2577 1192 2634 atsi
1208 2590 1266 2648 qua
1278 2568 1365 2643 posset
1445 2579 1446 2586 ¹

209 2676 282 2752 fieri,
299 2695 408 2738 summa
422 2681 607 2739 minueretur.
645 2681 700 2740 Ast
713 2686 809 2740 manet
823 2680 974 2739 immobilis
989 2679 1137 2752 Marpesia
1152 2687 1265 2739 muter.
1302 2668 1365 2743 Quil

208 2789 303 2843 autem
318 2785 389 2842 nihil
403 2784 504 2844 horum
519 2782 582 2843 fieri
597 2801 681 2858 posse
695 2785 824 2860 cognovi,
841 2800 889 2844 eos
904 2781 1015 2858 rogavi,
1030 2787 1063 2842 ut
1078 2785 1311 2857 capitulationem
1324 2788 1363 2833 ac·

208 2888 335 2958 cipereut
350 2887 534 2947 atrebatensi
552 2906 605 2962 per
625 2890 747 2948 alterum
763 2886 1064 2961 emanationem,
1088 2886 1166 2960 quod
1181 2886 1292 2962 viglius
1306 2876 1363 2938 Zai-

208 2990 314 3045 chenus
329 3007 360 3049 se
375 2989 518 3050 iacturum
532 2994 649 3066 recepit.
672 2993 820 3052 Adenntes
834 2999 931 3052 autem
944 2993 974 3052 hi
989 2990 1046 3050 duo
1060 2992 1290 3058 Atrebatensem,
1304 2982 1364 3053 Viss·

207 3092 272 3163 lius‚
289 3095 384 3152 nescio
399 3095 492 3154 studio
508 3112 545 3153 aa
559 3096 669 3155 incuria
682 3095 796 3169 iecerit,
820 3096 931 3182 ajebat,
951 3113 982 3155 se
998 3097 1074 3155 domi
1089 3112 1149 3154 suae
1165 3084 1365 3169 capitulab'ffllis

209 3195 330 3254 oblitum
342 3195 439 3255 fuisse.
479 3197 633 3258 Commoda
653 3205 750 3258 autem
765 3200 881 3274 accidit,
905 3207 937 3258 nt
952 3201 1056 3260 Florus
1078 3201 1140 3272 ipse
1155 3198 1365 3258 atrebatensem

208 3300 374 3360 conveniret
381 3306 434 3360 etc.
450 3301 493 3360 Ac
507 3303 704 3377 petiitutjam
712 3304 809 3364 oblata
822 3305 1027 3379 capitulatione
1038 3321 1086 3364 res
1098 3321 1133 3363 co
1149 3303 1234 3378 dirigi
1242 3296 1364 3384 vpossetis

208 3423 247 3464 ne
262 3405 377 3483 diutius,
394 3409 471 3482 quod
485 3411 585 3483 utique
599 3409 721 3468 maximo
736 3425 864 3468 mearum
878 3426 975 3468 rerum
989 3408 1138 3482 dispendio
1154 3406 1245 3483 fieret,
1268 3403 1366 3463 sustu

207 3510 253 3569 hic
269 3512 420 3589 detineret,
436 3521 465 3574 et
480 3521 512 3574 ut
526 3516 631 3576 litterae
646 3513 833 3575 absolutionis
848 3530 911 3573 cum
926 3515 1054 3572 articulis
1069 3515 1187 3587 aliquot,
1203 3528 1274 3586 quos
1289 3508 1365 3566 autea

207 3615 312 3675 Florus
327 3623 496 3692 mutaverat,
513 3621 653 3680 conscribi
668 3625 794 3693 possent.
817 3618 1016 3678 Atrebatensis
1029 3621 1125 3676 autem
1140 3618 1255 3676 iuterim
1268 3610 1363 3688 gloria·

208 3723 254 3776 tus
270 3723 323 3792 est,
340 3737 425 3792 quam
447 3725 590 3797 egregiam
609 3740 726 3798 operam
749 3724 840 3782 nostri
854 3738 923 3795 ergo
938 3727 1079 3782 navasset.
1118 3722 1211 3795 Nosti,
1226 3718 1323 3794 inquit,
1336 3715 1365 3767 til

208 3820 322 3879 domine
336 3827 366 3879 et
380 3824 442 3894 ipse
452 3822 549 3884 vidisti
564 3828 633 3900 quid
647 3830 763 3902 egerim,
776 3833 806 3886 et
819 3825 912 3886 adhuc
926 3843 984 3885 non
998 3825 1116 3883 cessabo
1132 3825 1239 3884 domiui
1253 3823 1293 3884 tui
1307 3829 1364 3890 pro·

209 3925 315 3985 fectum
331 3942 468 4000 quaerere.
507 3930 549 3988 Ac
569 3932 610 3988 sic
624 3931 741 3990 Liborio
760 3933 905 4004 paululum
926 3935 1077 4004 expectare
1093 3931 1177 4002 iusso
1197 3931 1309 3991 taudem
1323 3933 1363 3976 re·

207 4047 307 4092 versus
322 4033 376 4090 ait:
392 4031 419 4090 A
432 4030 556 4103 prandio
570 4033 674 4092 iterum
688 4051 734 4093 me
748 4037 902 4095 convenias
917 4051 999 4093 cara.
1240 4106 1244 4114 ⁵

297 4137 421 4195 Coactus
436 4141 531 4195 autem
537 4136 671 4196 Liberius
686 4140 913 4212 provolutioncm
922 4139 961 4198 ad
970 4137 1058 4212 pedes
1074 4141 1192 4200 casana
1198 4139 1223 4197 si
1237 4152 1292 4212 qua
1305 4143 1363 4206 pos·

207 4245 252 4298 set
265 4242 385 4300 amoliri.
422 4243 529 4301 Verum
544 4242 694 4315 episcopus
716 4242 868 4303 subridens
888 4243 919 4302 id
933 4244 1054 4302 maxime
1068 4242 1131 4302 fieri
1146 4235 1360 4317 oporteatque

208 4359 298 4414 quare
312 4344 367 4404 hoc
381 4353 447 4405 taus
462 4361 556 4408 comes
570 4347 642 4407 nolit
656 4346 771 4409 iacere?
794 4348 895 4408 Faciet
909 4347 1046 4424 proiectu,
1068 4350 1161 4421 iuquit
1176 4347 1319 4415 Liberius,
1342 4334 1364 4394 Si
