2940 4900
638 310 702 376 125

159 486 278 550 Obviam
295 507 418 565 quoque
431 489 501 552 iacti
515 505 610 550 sumus
627 490 655 550 d.
671 492 805 575 Philippo
826 492 926 568 Seldo,
952 499 1102 569 rogantes,
1123 499 1155 556 ut
1173 494 1251 572 apud

78 592 291 655 resbacensem
306 613 364 670 pro
381 598 465 658 nobis
480 596 682 670 intercederet,
707 614 763 671 quo
778 599 907 673 pecuniae
922 616 1031 660 summa
1045 599 1250 660 diminueretur

78 713 108 755 ac
122 699 156 758 de
171 701 291 774 ceteris,
318 719 388 776 quae
405 702 442 762 ad
456 679 605 776 negocium
623 698 719 760 faeere
741 701 927 778 uidebuntur,
951 721 1014 764 cum
1034 721 1068 764 co
1091 720 1251 764 sermonem

80 805 187 862 contuli.
227 807 257 865 Is
272 809 443 883 respondit,
469 823 500 866 sc
520 807 634 880 quidem
653 808 683 866 iu
703 808 766 868 eliis
779 809 966 880 libentissime
980 825 1088 868 morem
1103 825 1251 884 gessurum

79 913 106 964 et
122 907 218 968 inhoe
238 913 363 985 negotio
379 914 514 986 ipsemet,
540 913 647 986 inquit,
668 918 719 972 eut
737 929 838 986 perum
860 921 910 974 aut
932 915 1004 974 nihil
1025 931 1111 989 agere
1124 930 1250 988 possum.

79 1009 145 1070 Nam
163 1013 275 1088 aulicus
300 1033 385 1093 sum,
408 1035 471 1092 quse
490 1033 582 1078 cesar
603 1023 632 1078 et
652 1017 850 1080 Atrebatensis
862 1018 981 1095 jubent,
1006 1020 1037 1080 id
1060 1019 1128 1080 mihi
1142 1017 1250 1080 fecicu-

81 1114 138 1174 dum
152 1123 205 1177 est.
311 1105 345 1184 ,Ῐ
752 1193 755 1200 ‚
1003 1167 1014 1196 Α(

158 1221 272 1284 Eadem
292 1225 411 1286 litteras
432 1228 459 1286 d.
480 1228 646 1288 Melchioris
668 1228 704 1288 de
725 1229 798 1288 Ossa
821 1228 907 1288 Seldo
936 1245 989 1303 per
1009 1229 1157 1288 Liberium
1176 1229 1249 1288 misi.

81 1323 140 1402 Egit
154 1333 183 1387 et
197 1329 339 1390 Liberius
355 1333 448 1391 multa
462 1348 526 1390 cum
541 1332 649 1408 eodem,
666 1333 718 1392 sed
734 1333 827 1392 oleum
842 1339 870 1392 et
889 1349 978 1407 opera
992 1332 1175 1406 pendebatur.

159 1415 292 1493 Vidimus
312 1435 372 1496 hac
386 1436 433 1496 die
447 1436 598 1498 Danielem
614 1437 735 1512 Sticber‚
756 1437 804 1511 qui
824 1453 888 1497 oum
901 1436 1095 1496 Eichsteteusi
1116 1437 1250 1512 episcopo

82 1532 235 1596 Redsbonee
251 1545 329 1600 erut.
371 1542 498 1602 Prensos
513 1542 660 1604 nobiscum
682 1548 726 1604 est
739 1543 904 1605 Fridericus
918 1543 1042 1616 Perger3
1065 1541 1133 1600 huic
1154 1541 1252 1615 alique

83 1641 150 1709 putri
163 1641 322 1706 referenda
337 1649 521 1722 injunximus.

151 1747 239 1818 ,Ante
264 1751 443 1812 dominicum
461 1754 660 1830 Augustunnm
683 1771 751 1814 cusu
778 1754 945 1828 magistrum
970 1751 1120 1812 Gloserum
1144 1751 1249 1825 inveni,

85 1849 127 1920 qui
138 1849 183 1910 hic
196 1856 274 1916 vices
289 1857 579 1934 Hennebergeusium
594 1861 663 1935 agit.
686 1861 758 1920 Item
773 1860 801 1920 d.
812 1859 978 1922 Udalricum
987 1857 1167 1918 Mordteisen
1183 1873 1249 1918 con·

17 2007 18 2040 3
85 1955 215 2032 venimus;
231 1962 271 2022 ab
287 1981 325 2024 eo
341 1946 443 2024 ducem
454 1965 622 2025 Mauritium
637 1965 707 2024 nibil
721 1965 891 2034 consiliariis
906 1964 943 2024 de
958 1981 1044 2024 cause
1059 1970 1158 2025 nostro
1174 1978 1249 2022 com·

17 2051 19 2078 ¹
87 2060 188 2124 misisse
206 2069 381 2146 ncoemmus.
420 2071 541 2148 Insuper
564 2076 594 2130 et
613 2071 789 2132 consiliarios
809 2085 916 2146 paucos
935 2076 1000 2144 post
1023 2069 1083 2130 dies
1102 2068 1168 2127 hinc
1190 2068 1249 2126 ebi-

87 2167 168 2226 turos.
870 2225 875 2234 ,

17 2243 19 2268 ,
166 2274 194 2334 A
217 2293 302 2354 coena
317 2280 514 2342 Merschelcus
538 2280 675 2340 Luderitz
698 2282 780 2342 nobis
800 2281 911 2352 retulit,
937 2277 1129 2338 marchionem
1143 2277 1251 2350 pollici·

17 2427 19 2464 ,
88 2378 141 2436 tum
154 2395 228 2457 esse,
253 2401 286 2444 se
309 2389 341 2444 et
355 2385 447 2443 nostri
460 2387 632 2446 mentionem
653 2384 731 2460 apud
746 2401 881 2446 censerem
896 2382 960 2444 fieri
974 2397 1144 2458 procurasse
1168 2386 1199 2440 et
1219 2386 1252 2440 ut

90 2479 155 2542 idem
168 2483 251 2549 fieret
261 2489 369 2564 jubere
384 2491 466 2550 uelle.
868 2499 869 2502 ’

166 2591 286 2655 Fratres
318 2594 397 2669 apud
419 2594 586 2656 Anaxouem
610 2603 640 2656 et
669 2595 803 2657 Gerulum
826 2595 917 2654 Herat
943 2609 1045 2668 parum
1072 2589 1184 2652 consilii
1206 2591 1249 2649 in-

91 2704 195 2756 uenere.

168 2799 279 2863 Eodem
295 2803 333 2863 ed
347 2806 458 2866 litteras
472 2806 710 2876 Monesteriensis
725 2819 893 2878 responsum
909 2809 962 2862 est.
1030 2855 1033 2858 .
1089 2857 1090 2860 ,

170 2903 314 2970 Dicuntur
329 2911 468 2970 electores
488 2927 521 2970 nc
541 2911 629 2970 ceteri
649 2911 793 2984 principes
813 2908 890 2983 epod
906 2921 1059 2966 caesereem
1073 2906 1251 2978 majestatem

93 3000 230 3088 institisse,
248 3033 286 3074 ne
302 3015 461 3088 comitibus,
484 3011 640 3089 qui'coacti
655 3015 713 3074 suis
727 3014 901 3090 principibus
918 3012 1026 3072 servire
1041 3009 1173 3100 fuissent,
1192 3013 1255 3068 mo·

17 3117 18 3120 ’
94 3103 181 3171 lentior
195 3118 247 3194 sit,
269 3136 370 3180 uerum
385 3095 447 3177 baec
461 3120 563 3192 petitio
579 3124 629 3179 eut
644 3136 762 3194 pervum
783 3125 833 3180 aut
847 3121 957 3182 nullum
972 3119 1074 3178 sortita
1090 3122 1134 3175 est
1147 3115 1249 3175 locum.

17 3203 19 3232 ἓ
170 3225 314 3298 xxxMaji
328 3225 359 3283 in
374 3224 436 3284 aede
451 3223 589 3284 Mauritio
610 3239 693 3282 sacru
713 3223 910 3300 Wolffgengus
932 3225 1079 3284 Musculus
1101 3221 1249 3304 concione-

17 3299 18 3340 ³
94 3318 133 3376 tus
147 3332 187 3385 est
200 3330 431 3400 praedicationem
447 3346 482 3388 ex
497 3345 560 3402 cep.
580 3329 619 3386 15
640 3329 773 3388 loannis:
798 3331 937 3390 >Munete
957 3331 987 3388 in
1007 3329 1158 3388 dssecnooe
1176 3340 1249 3382 mee.

96 3419 271 3510 Siprneepta
285 3451 349 3494 mee
364 3435 554 3508 servaveritis,
578 3432 728 3493 manebitis
748 3435 779 3493 iu
799 3435 950 3494 dilectione
970 3448 1042 3503 mee,
1066 3431 1140 3487 sicut
1154 3433 1184 3486 et
1197 3443 1251 3500 ego

96 3533 173 3597 Diris
187 3541 243 3600 mei
257 3545 403 3616 praccepta
419 3539 532 3599 servavi
548 3544 576 3598 et
590 3554 694 3598 manso
708 3538 738 3596 in
760 3538 820 3610 eius
841 3537 1011 3596 dilectione«
1032 3540 1085 3593 etc.
1116 3532 1172 3590 Hic
1186 3547 1250 3604 quae

97 3630 149 3696 beri
169 3641 303 3706 docueret
316 3662 370 3720 per
386 3645 529 3720 epilogum
544 3643 698 3703 recensuit.
728 3640 842 3700 Deinde
862 3643 915 3700 eit:
939 3639 1077 3713 Audistis,
1103 3637 1195 3711 qualis
1215 3637 1252 3696 sit

98 3736 197 3808 meeuo
211 3752 303 3827 petris
319 3767 388 3824 erge
402 3749 476 3821 filios
493 3754 522 3810 et
540 3749 663 3808 menime
681 3747 772 3822 patris
792 3745 879 3819 illius,
903 3746 953 3820 qui
971 3745 1074 3806 coelum
1095 3748 1124 3802 et
1145 3746 1252 3802 terrem

17 3851 18 3872 ¹
98 3852 192 3910 erupit
204 3862 234 3916 et
248 3857 343 3926 omnia
358 3872 394 3915 ex
408 3873 439 3916 se
454 3858 518 3932 ipso
533 3853 612 3916 fovet
625 3857 686 3912 etc.
724 3851 843 3912 Menete
862 3852 893 3911 in
913 3850 1064 3910 dilectione
1082 3865 1155 3908 meo.
1194 3846 1253 3908 Sed

17 3949 18 3959 ’
98 3951 151 4018 luis
163 3957 270 4035 inquies
284 3961 331 4019 hie
345 3959 477 4022 fructus?
521 3959 663 4018 Nimirum
684 3957 719 4032 is,
743 3956 819 4031 quod
839 3963 922 4032 peter
938 3959 978 4016 sic
994 3955 1093 4026 dilexit
1106 3951 1250 4023 mundum,

99 4055 126 4109 lt
141 4057 217 4124 duret
235 4064 324 4124 filium
347 4082 428 4124 suum
448 4065 625 4140 unigenitum
644 4064 675 4121 iu
696 4062 846 4136 mundum,
871 4069 904 4122 ut
925 4064 1016 4123 omnis
1039 4060 1087 4133 qui
1107 4056 1200 4117 credit
1222 4055 1252 4110 iu

100 4169 625 4245 e¹1mnnnpereut,sedheutuentviten
640 4171 778 4228 aeternam
793 4173 845 4246 etc.
877 4169 949 4228 Item
959 4166 1102 4226 Christum
1116 4161 1253 4235 optimum

99 4275 288 4348 lroeceptorcm
302 4271 390 4334 fuisse
406 4274 503 4334 docuit
517 4276 616 4348 utique
632 4273 690 4348 qui,
706 4273 783 4346 quod
798 4251 886 4332 verbo
908 4269 1046 4340 docuerit,
1067 4264 1096 4324 id
1116 4272 1146 4324 et
1166 4280 1253 4339 opere

98 4379 196 4450 tutum
216 4380 388 4454 impleverit,
413 4385 498 4454 atque
519 4379 574 4438 hoc
592 4379 769 4453 archetypum
790 4376 989 4450 magistratum
1010 4372 1117 4432 imitari
1137 4369 1253 4447 debere,
