3028 4894
765 310 807 376 32

203 498 299 553 tentus
320 491 386 566 iuit;
410 494 499 552 multa
514 508 577 552 cum
598 492 652 552 hoo
671 491 786 551 homine
806 491 912 565 optimo
933 496 962 552 et
981 492 1215 567 persuasionibus
1236 500 1266 553 et
1285 493 1367 552 minis

204 613 255 656 nec
269 613 328 656 non
342 603 371 657 et
385 599 637 673 pollicitationibus
652 613 793 672 peragere
808 597 948 671 papistica
967 614 1037 671 gens
1057 597 1204 674 cupiebat,
1228 597 1279 659 scd
1300 598 1371 658 nihil

204 707 254 762 aut
268 719 368 777 parum
383 702 513 762 effectum
529 707 581 777 est,
597 704 665 762 licet
677 701 776 776 Logus
792 707 821 761 et
829 702 955 762 Mustela
965 703 1055 763 multa
1064 703 1222 777 gloriantes
1232 704 1370 777 garrient.

291 810 439 867 Musonius
461 810 543 868 annis
558 808 625 882 xviij
641 806 779 882 Augustae
800 810 830 868 in
848 808 936 868 verbo
953 809 1070 869 Domini
1092 807 1216 883 praefuit.
1251 810 1372 869 Liberos

203 913 289 973 habet
304 919 367 971 octo
383 919 437 972 etc.
466 913 570 972 Libros
586 913 721 988 Zenonis,
738 914 879 988 Socratis,
895 914 1039 988 Pamphili
1052 915 1187 988 martyris
1203 921 1233 974 et
1246 914 1369 973 aliorum

203 1019 322 1091 triginta
337 1018 461 1091 quinque
484 1034 520 1076 ex
534 1034 629 1092 graeco
648 1019 678 1077 in
699 1019 819 1079 latinum
838 1019 998 1093 transtulit,
1023 1035 1144 1093 quorum
1164 1019 1275 1093 aliquot
1296 1017 1371 1077 Her-

204 1125 304 1196 vagius
321 1123 444 1198 excudit,
462 1125 511 1182 alii
526 1125 619 1183 adhuc
635 1124 709 1198 apud
725 1123 874 1184 authorem
890 1125 1015 1185 latitant.

292 1228 419 1301 Fuggeri
435 1234 559 1301 quatuor
572 1228 747 1303 Anthouius,
768 1228 897 1290 Joannes
917 1231 1057 1307 Jacobns,
1081 1232 1209 1291 loannes
1230 1227 1374 1302 Georgius

204 1339 233 1392 et
241 1333 433 1405 Hieronymus
441 1335 500 1394 vita
515 1331 663 1394 excessit.¹
682 1335 746 1395 lam
758 1351 809 1407 per
821 1353 912 1397 anuos
925 1338 1034 1410 aliquot
1045 1338 1173 1412 locuples
1184 1335 1298 1396 habitus
1311 1351 1370 1394 non
1478 1325 1481 1332 ’

205 1443 256 1512 est,
273 1438 322 1512 qui
337 1439 486 1513 sexag‘nta
501 1445 551 1498 aut
566 1440 731 1514 octuaginta
745 1441 823 1501 milia
838 1441 954 1499 uumdm
969 1457 1028 1503 non
1044 1441 1203 1502 excederet.
1382 1463 1388 1496 ι

292 1545 418 1604 Joannes
433 1544 569 1619 Agricola
588 1547 625 1606 ab
644 1545 780 1606 Eisleben
801 1546 847 1605 hic
865 1545 1014 1606 Joachimo
1033 1547 1152 1607 electori
1171 1543 1371 1606 brandenbur-

205 1650 285 1721 gensi
300 1665 318 1708 a
332 1651 513 1710 concionibus
528 1656 573 1709 est
588 1652 686 1711 sacris.

292 1755 368 1813 Villa
385 1761 414 1813 et
427 1754 567 1814 habitatio
584 1755 712 1815 Schertel
726 1755 911 1816 Burtenbach
925 1774 983 1817 uon
998 1759 1098 1832 procul
1113 1758 1150 1818 ab
1168 1757 1299 1832 Augusta
1318 1761 1373 1829 est,

206 1866 290 1940 quam
305 1859 466 1933 Augustani
481 1877 534 1933 pro
549 1860 744 1935 quadraginta·
757 1860 881 1922 millibus
897 1864 1013 1924 numum
1028 1863 1141 1938 abipso
1162 1880 1193 1922 se
1215 1877 1309 1924 emere
1330 1861 1374 1919 illi

206 1965 409 2039 promiserunt.

294 2071 439 2144 Hispanus
455 2071 605 2132 Babadilla
620 2071 688 2131 dum
702 2073 832 2133 Musonio
848 2075 969 2150 diceret,
991 2076 1079 2135 sibia
1098 2073 1283 2134 Fordinaudo
1302 2089 1374 2146 rege

208 2177 409 2249 exprobratum
424 2178 500 2250 quod
509 2177 691 2238 Lutheranos
705 2180 919 2240 concionatores
930 2180 1033 2255 adiret,
1047 2195 1081 2239 ac
1091 2179 1169 2239 illum
1180 2178 1374 2253 respondisse,

210 2280 286 2353 Quid
301 2288 396 2342 vestra
411 2284 545 2357 maJestas
567 2301 631 2343 curn
650 2259 824 2344 Lutheranis
843 2285 1018 2359 principibus
1037 2285 1189 2359 Mauritio,
1211 2283 1376 2344 marchione

207 2391 236 2444 et
254 2386 317 2445 aliis
336 2386 516 2449 famihariter
535 2390 676 2465 loquitur,
699 2391 825 2465 insuper.
837 2390 961 2452 eomedit
981 2395 1009 2450 et
1023 2388 1148 2464 potitat?
1170 2389 1207 2449 D.
1224 2387 1374 2447 Musculus

206 2490 282 2551 infit:
306 2493 367 2552 Scis
379 2495 456 2567 quod
470 2501 499 2555 te
514 2511 661 2569 nunqnam
675 2497 848 2569 rocaverim3
865 2499 907 2557 ita
921 2500 950 2555 te
965 2513 1018 2556 nec
1033 2496 1117 2556 domo
1133 2496 1272 2556 excedere
1287 2495 1376 2553 etiarn

203 2598 290 2671 jussi;
315 2601 394 2659 renis
410 2617 474 2658 cunr
487 2585 541 2660 tihi
556 2601 673 2662 libuerit
693 2606 723 2662 et
742 2601 805 2661 abis
824 2601 873 2661 ubi
893 2601 1043 2677 placuerit.
1085 2601 1116 2662 Si
1137 2602 1229 2662 bonus
1248 2600 1376 2673 intrasti,

206 2701 296 2763 bonus
311 2705 411 2780 exibis,
427 2723 492 2766 mea
507 2705 578 2765 nihil
592 2705 691 2767 refert.

295 2811 378 2869 Vltus
394 2812 562 2872 Theodorus
578 2812 615 2872 ad
630 2813 792 2873 Musonium
807 2816 974 2891 perscripsit
988 2815 1064 2876 inter
1078 2813 1215 2874 triduum.
1238 2811 1330 2870 Adest
1345 2815 1377 2868 et

207 2914 301 2974 Julius
316 2914 408 2990 Pflug.

296 3016 407 3079 Accidit
416 3022 493 3081 intra
504 3021 556 3082 hos
572 3023 642 3096 dies,
658 3032 690 3108 ut
704 3025 760 3084 duo
776 3023 887 3100 pedites
902 3025 1027 3099 ingluvie
1043 3029 1072 3084 et
1085 3038 1165 3083 mero
1181 3022 1299 3083 distenti
1314 3037 1375 3080 arn·

209 3122 356 3182 bulacrum
371 3131 438 3185 aute
454 3127 624 3186 dominicum
638 3130 811 3203 transirent,
835 3135 865 3190 et
878 3131 953 3189 alter
968 3134 1120 3203 conspecta
1140 3127 1233 3203 effigie
1254 3127 1377 3187 Joannis

209 3228 350 3288 Friderici
366 3232 495 3291 electoris
510 3235 541 3292 in
556 3234 730 3309 cicatricem,
755 3251 840 3308 quam
855 3237 884 3292 in
899 3235 1017 3294 sinistra
1031 3235 1148 3294 maxilla
1162 3231 1232 3308 fert,
1256 3230 1377 3292 lirtiliter

210 3331 403 3412 deblaterans,
425 3353 489 3396 cum
508 3340 545 3399 ab
565 3340 657 3400 altero
672 3340 735 3398 haec
748 3338 838 3399 verba
852 3337 994 3399 facessere
1006 3341 1172 3414 Juberetur,
1194 3354 1262 3399 mox
1277 3338 1373 3410 evagi-

209 3445 278 3500 nato
299 3441 393 3515 gladio
417 3449 641 3520 computatorem
660 3461 742 3504 suurn
764 3445 887 3520 invadit,
912 3446 960 3518 qui
983 3450 1013 3504 et
1031 3447 1093 3520 ipsa
1115 3444 1186 3505 adeo
1209 3449 1325 3503 strenue
1347 3446 1378 3500 et

209 3546 341 3608 electoris
355 3549 493 3611 honorem
506 3558 536 3611 et
549 3552 697 3626 proprium
712 3567 815 3626 corpus
831 3548 975 3626 defendit,
998 3557 1030 3611 ut
1045 3551 1218 3610 conviciator
1231 3549 1281 3608 ille
1302 3548 1376 3606 elec-

208 3653 279 3709 toris
294 3655 432 3714 exanimis
446 3657 477 3714 in
491 3662 598 3718 terram
614 3657 788 3732 concideret,
805 3657 937 3730 quivero
952 3671 1016 3716 eum
1031 3662 1228 3732 percusserat,
1244 3653 1314 3728 iuga
1329 3669 1375 3712 sa-

209 3754 262 3812 luti
282 3771 341 3814 suae
364 3761 514 3819 consuluit.
858 3813 863 3820 ,

297 3859 400 3918 Petrus
414 3861 561 3922 Barbirins
577 3865 644 3924 dum
658 3883 698 3925 aes
714 3867 839 3927 alienum
858 3872 909 3927 aut
923 3867 1050 3927 debitum
1064 3884 1082 3927 a
1098 3883 1168 3943 rege
1179 3839 1375 3939 Ferdinando,

209 3963 287 4036 quod
302 3980 333 4023 se
347 3965 384 4024 ad
398 3966 541 4040 myriades
556 3969 666 4041 aliquot
680 3973 744 4030 auri
759 3971 899 4047 extendit,
919 3975 1037 4048 repetit,
1061 3972 1245 4034 Lutheranus
1263 3977 1292 4032 et
1312 3988 1378 4031 esse

208 4075 360 4129 accusatur
380 4078 410 4131 et
429 4078 522 4132 castro
542 4089 594 4133 suo
616 4076 739 4134 exuitur.
769 4077 853 4135 Hanc
872 4077 950 4150 quod
973 4077 1059 4152 longo
1078 4083 1207 4152 ternpore
1226 4079 1379 4138 austriaca

209 4173 305 4233 domui
318 4177 480 4238 inservierit
494 4178 652 4240 mercedem
666 4186 819 4256 reportans
838 4198 914 4240 nunc
933 4183 1015 4244 aulas
1034 4183 1167 4245 deridens
1186 4197 1297 4243 summo
1317 4181 1378 4243 Do·

209 4278 285 4339 mino
301 4283 399 4341 seruit.

784 4373 800 4408 ’lt

284 4458 297 4504 1
316 4451 407 4508 Llioka
425 4431 477 4508 ron
495 4456 548 4509 iant
566 4457 638 4511 einer
656 4449 734 4514 aeiless
