3028 4894
621 923 939 1078 ststffiissffle

438 1166 472 1231 m
492 1163 611 1233 nomm
629 1094 869 1233 normannum
883 1101 1111 1299 mirorum.

193 1366 553 1462 Wonrennn
587 1363 836 1460 cominu
869 1367 943 1460 rm
978 1287 1333 1522 milipedam

455 1581 633 1635 wlnodum
652 1583 680 1633 iv
697 1577 793 1634 JUNII
811 1580 907 1635 nullo
927 1582 1074 1636 suturis

691 1679 841 1732 MDLXIIL

270 1971 299 2032 S.
316 1968 473 2030 Audieram
492 1983 587 2028 comes
606 1968 810 2044 illustrissime,
834 1968 1050 2032 clementissime
1070 1969 1181 2033 domine
1202 1972 1234 2033 0.
1250 1974 1285 2034 T.
1301 1973 1351 2034 ab·

178 2092 242 2136 esse
256 2091 386 2152 peregre.
410 2076 482 2134 Haec
495 2075 626 2135 absentia
639 2073 710 2132 mihi
729 2091 869 2150 perquam
883 2075 1067 2137 accommode
1085 2079 1197 2138 occasio
1216 2079 1279 2140 viee
1296 2077 1352 2140 fuit

176 2198 224 2241 me
238 2183 345 2243 diutim
360 2181 521 2242 oblectandi
541 2183 572 2241 in
587 2180 722 2239 chronico
741 2186 801 2240 tuo.
833 2180 928 2253 Quare
950 2182 975 2240 si
990 2181 1060 2256 quid
1074 2190 1223 2258 peccatum
1238 2189 1290 2259 est,
1315 2200 1351 2244 ee

176 2289 274 2363 potius
289 2287 374 2361 culpa
387 2288 471 2361 genio
486 2287 552 2346 libri
567 2283 756 2344 omnimodam
770 2286 939 2346 varietatem
958 2289 1079 2360 spiranti
1098 2295 1128 2348 et
1147 2289 1350 2349 coniectorem

177 2394 328 2469 retinenti,
352 2409 437 2467 quam
457 2393 527 2451 mihi
548 2389 717 2466 imputanda
737 2391 824 2450 venit.
863 2390 928 2465 Ago
946 2398 1043 2452 tamen
1066 2391 1097 2452 (l.
1119 2393 1153 2452 Τ.
1175 2394 1284 2466 gratias
1299 2395 1350 2452 im-

175 2499 314 2558 mortales
334 2506 364 2559 et
382 2513 439 2572 qno
458 2495 614 2557 faciliorem
635 2494 798 2570 demerear,
822 2498 1060 2572 epigrammation
1080 2499 1277 2572 qualecunque
1294 2498 1351 2558 cle·

175 2609 289 2665 menter
303 2605 426 2680 occipiat
441 2610 471 2664 et
484 2603 570 2678 legat.

355 2777 461 2844 Imperii
479 2791 615 2844 procerum
633 2790 703 2826 oraro
722 2789 781 2826 cum
800 2773 902 2826 Caeeure
920 2772 1020 2827 bellum

393 2866 501 2917 (lectum
520 2879 567 2931 pro
584 2879 649 2930 puro
666 2863 805 2929 relligione
825 2862 884 2926 Dei,

358 2951 439 3002 Crede
458 2952 536 3015 mihi,
554 2967 623 3002 rena
640 2953 806 3017 quantumvis
822 2966 936 3019 paupere
956 2953 1067 3020 scriptor

390 3039 473 3091 Nemo
492 3039 669 3091 voluminibus
688 3039 783 3090 dixerit
799 3040 913 3106 exiguis.

356 3127 453 3178 Tristia
472 3133 581 3179 conatur
599 3127 710 3179 infausti
728 3128 846 3194 germina
863 3134 953 3194 specta

389 3215 515 3267 Foecundi
534 3217 642 3268 miserae
661 3216 847 3282 relliquiasque
866 3216 942 3266 mali:

356 3303 459 3366 Quanta
477 3305 552 3356 vides
570 3305 693 3356 loliorum
713 3305 847 3367 examina,
867 3303 978 3368 denique
997 3309 1122 3369 quantum

391 3393 516 3444 Historiae
532 3408 601 3444 verre
619 3393 714 3443 texerit
733 3398 807 3443 autor
825 3406 903 3458 opnor

354 3483 408 3532 Ista
425 3487 512 3532 tamen
532 3482 612 3533 celeri
631 3482 731 3532 culumo
751 3480 824 3531 dedit
841 3480 929 3530 omnia
945 3478 1045 3530 clarum

391 3569 511 3622 Eubulus
530 3571 654 3622 comitum
671 3569 852 3633 nobiliumque
866 3567 954 3632 jubar.

356 3658 453 3724 Aspice
471 3664 615 3726 susceptor,
633 3658 750 3725 quisquis
769 3656 846 3722 legin,
864 3655 916 3705 ista
933 3653 1037 3705 laborer

391 3745 490 3796 Excute
509 3762 555 3813 pro
573 3761 636 3796 vera
653 3745 723 3797 factu
741 3743 840 3812 pericla
859 3742 918 3794 fide.

352 3832 432 3884 Disce
451 3849 545 3900 graver
563 3834 645 3884 enimi
663 3833 787 3884 luctantis
806 3846 913 3899 corpore
932 3847 1037 3899 pugnas

389 3921 509 3987 Quidque
528 3923 563 3973 eit
581 3923 608 3971 in
628 3921 713 3973 solum
731 3913 812 3972 fidere
830 3936 908 3988 poree
927 3920 1021 3971 Deum.

275 4075 279 4084 1
354 4011 407 4060 Hei
426 4011 491 4062 mihi
510 4026 588 4076 quom
605 4011 684 4077 pauci
703 4009 804 4062 similes
822 4023 927 4062 sensere
947 4007 1060 4071 dolorm,

390 4098 524 4164 Quamque
543 4104 615 4150 tenet
632 4099 749 4151 modicos
767 4098 813 4150 hic
831 4099 937 4166 pictatio
957 4097 1045 4149 umori

216 4244 324 4310 Valeat
338 4243 369 4306 O.
386 4246 421 4306 T.
437 4250 467 4305 et
481 4246 592 4306 calamo
606 4247 775 4322 properanti
788 4246 928 4320 ignoscat.

953 4403 990 4465 R.
1013 4401 1300 4480 Trygophorue.

1090 4506 1135 4566 1*
