3028 4894
728 343 771 413 23

168 521 326 599 comitibus,
342 525 367 583 si
382 537 438 597 qua
453 525 643 600 peccaverint,
659 525 814 586 elementer
827 529 975 602 ignoscere
989 533 1066 606 velit,
1083 534 1113 595 id
1128 529 1243 597 comites
1260 555 1336 614 sepe

165 628 231 688 dieti
244 643 298 702 pro
314 645 365 689 sua
379 631 456 689 virili
475 637 504 690 et
519 629 622 690 debitis
639 629 739 690 officiis
755 649 824 707 erga
847 651 1002 700 caesaream
1016 639 1196 711 majestatem
1211 649 1241 702 et
1254 661 1335 704 reve·

165 733 360 794 reudissimam
373 735 409 794 D.
420 737 455 794 V.
471 736 630 808 promereri
645 740 785 811 satagent.
810 739 972 814 Respondit
985 741 1195 821 Atrebateusis,
1213 748 1335 808 dilucide

165 841 254 912 capita
268 842 378 915 negotii
393 841 449 902 duo
464 842 566 916 videri,
583 843 700 902 comites
715 845 837 903 movisse
851 862 930 906 arma
943 849 973 906 in
984 849 1187 923 imperatorem
1203 868 1238 910 ex
1252 859 1336 926 parte

165 945 396 1020 protestantium3
420 946 451 1005 id
465 947 522 1006 illis
537 948 651 1006 mimme
666 948 793 1022 licuisse,
818 951 931 1010 etiamsi
950 954 1008 1011 sint
1028 956 1130 1014 vasalli
1152 957 1334 1032 landgravii,

163 1055 191 1108 at
204 1049 342 1123 quasdem
354 1066 390 1110 ex
404 1052 438 1110 iis
451 1068 512 1125 prae
525 1052 635 1110 caeteris
648 1052 789 1114 hostiliori
802 1057 897 1116 animo
910 1059 940 1116 iu
952 1059 1150 1133 imperatorem
1165 1068 1333 1124 ostentasse.

162 1154 241 1227 Quod
256 1171 325 1215 vero
341 1157 380 1216 ad
394 1157 626 1230 capitulationem
645 1159 762 1234 attinet,
783 1162 900 1221 comites
914 1165 944 1222 iu
959 1163 1013 1224 hac
1029 1183 1088 1226 uon
1103 1169 1332 1242 comprehensos.

160 1261 306 1320 Praeterea
320 1261 432 1321 etiamsi
446 1262 503 1321 sint
517 1263 618 1323 vasalli
633 1262 781 1324 Gattorum
795 1268 942 1342 principis,
957 1273 1054 1330 tamen
1073 1288 1110 1330 ex
1124 1271 1179 1330 hoo
1194 1289 1252 1332 non
1267 1291 1334 1336 con·

160 1367 246 1441 sequi,
263 1382 316 1426 eos
331 1382 394 1426 esse
409 1369 499 1441 ipsius
515 1367 653 1428 subditos.
678 1369 722 1428 Ad
736 1369 799 1428 haee
811 1373 929 1432 comites
940 1373 1048 1433 Caesari
1060 1377 1121 1449 jam
1137 1349 1231 1435 multis
1247 1396 1334 1453 nego·

160 1472 203 1531 tiis
218 1473 439 1548 occupatissimo
455 1471 493 1532 ob
508 1479 620 1548 sumpta
634 1489 715 1533 arma
729 1476 760 1532 in
775 1473 974 1536 boloniensem
989 1482 1134 1553 negotium
1147 1479 1265 1556 fecisse,
1289 1483 1331 1542 id·

159 1593 212 1649 que
232 1579 398 1638 extantibus
420 1578 497 1638 hisee
511 1578 649 1653 Augustae
672 1580 802 1639 comitiis.
840 1580 923 1640 Juste
937 1583 1025 1656 igitur
1044 1586 1244 1659 imperatorem
1259 1587 1289 1647 id
1304 1594 1333 1648 et

158 1699 233 1758 egre
248 1680 328 1743 ferre
344 1690 374 1743 et
388 1701 406 1744 a
420 1683 570 1744 comitibus
591 1684 816 1768 emendationem
837 1687 959 1760 exigere.
1000 1691 1107 1749 Vemm
1126 1695 1272 1766 utcunque
1286 1710 1333 1752 res

157 1805 186 1848 se
200 1789 344 1862 habeant,
367 1790 459 1860 ipsum
474 1787 538 1847 heri
553 1790 659 1848 nostris
679 1788 802 1865 dixisse,
826 1793 851 1851 si
867 1794 903 1853 de
917 1795 961 1854 his
976 1812 1027 1855 nos
1048 1814 1186 1858 excusare
1205 1801 1332 1876 velimus,

157 1901 186 1955 ut
199 1895 231 1956 id
245 1895 356 1970 scripto
372 1909 468 1954 coram
484 1895 603 1954 concilio
618 1895 759 1969 imperiali
774 1894 857 1957 deret
871 1904 924 1957 etc.
949 1899 1031 1960 Dixit
1046 1903 1133 1962 etiam
1147 1904 1282 1965 Liberius
1297 1905 1332 1967 de

156 2002 277 2074 pecunia
289 1997 547 2074 perReinhardum
558 2001 689 2059 comitem
704 2003 818 2061 caesaris
833 2005 947 2064 nomine
960 2007 1061 2081 petita,
1077 2014 1106 2066 et
1121 2011 1145 2068 si
1155 2009 1252 2069 Caesar
1268 2027 1331 2072 eam

155 2103 195 2164 iili
210 2107 276 2166 dari
292 2121 328 2164 ac
343 2121 394 2164 uos
409 2111 511 2166 contra
526 2103 624 2164 Cattos
638 2106 668 2164 in
686 2105 741 2164 hoo
761 2107 915 2169 defendere
934 2112 1016 2187 velit,
1038 2130 1090 2173 uos
1110 2131 1174 2174 eam
1186 2133 1331 2176 summam

153 2211 369 2287 promptissime
385 2211 512 2271 datmos.
535 2211 583 2270 Ad
597 2212 652 2272 hoc
668 2218 764 2273 autem
779 2214 851 2274 nihil
866 2232 1034 2292 responsum
1046 2237 1064 2278 a
1075 2221 1208 2295 praesule.
1232 2223 1330 2282 Eubu-

153 2319 197 2376 lus
218 2319 323 2390 itaque
345 2318 502 2391 asperitate
524 2318 633 2392 negotii
654 2324 684 2378 et
698 2305 866 2380 necessitate
888 2327 1002 2382 coaetus
1024 2325 1146 2398 primum
1168 2328 1280 2386 veniam
1295 2329 1331 2388 ab

154 2423 291 2497 episeopo
314 2427 447 2496 precatus
467 2431 528 2497 est,
551 2439 619 2482 uum
640 2424 681 2483 illi
700 2425 800 2484 liceret
819 2443 907 2488 unum
926 2432 977 2485 aut
997 2428 1119 2488 alterum
1133 2430 1251 2489 verbum
1266 2429 1330 2490 fari.

154 2527 228 2587 Nam
243 2543 312 2586 enm
326 2528 430 2586 mentis
445 2544 504 2586 suae
520 2533 658 2603 concepta
671 2529 720 2588 vix
733 2529 823 2589 latine
838 2531 934 2604 eloqui
949 2547 1043 2604 posse.
1076 2532 1154 2592 Data
1168 2535 1261 2608 venia,
1285 2541 1330 2592 ut-

155 2647 270 2708 cunque
284 2633 386 2707 potuit,
409 2633 471 2692 hec
485 2633 613 2693 adduxit.
652 2634 698 2694 Ad
713 2634 751 2708 id,
777 2635 855 2706 quod
870 2634 1068 2696 atrebatensis
1083 2637 1189 2710 praesul
1203 2637 1330 2713 dixisset,

157 2741 277 2800 comites
293 2741 324 2798 in
339 2739 545 2812 capitulatione
559 2755 617 2798 non
632 2738 867 2814 comprehensos,
889 2756 923 2800 eo
939 2741 1016 2814 quod
1031 2741 1055 2799 si
1069 2742 1136 2800 licet
1150 2743 1251 2802 vasalli
1266 2741 1332 2802 Gat-

156 2851 252 2907 aarum
273 2850 382 2918 essent,
406 2860 463 2904 non
478 2843 583 2905 subditi
599 2851 671 2919 ete,
695 2844 749 2904 boe
764 2844 869 2904 debere
883 2846 1034 2920 praesulem
1055 2848 1142 2920 scire,
1166 2847 1333 2906 nouaclum

155 2952 282 3013 vasallos
297 2967 350 3011 nos
373 2966 436 3010 esee
459 2951 646 3026 landtgravii,
672 2949 723 3010 sed
737 2965 773 3009 ea
787 2967 839 3009 uos
860 2967 974 3025 pressos
990 2952 1141 3025 servitute,
1165 2957 1198 3011 ut
1212 2952 1248 3013 ob
1262 2954 1332 3013 vici-

156 3059 235 3118 niam
251 3057 335 3130 quasi
350 3056 425 3114 inter
444 3056 563 3117 intimos,
573 3055 681 3116 Hessos
704 3058 943 3117 commorantibus
966 3074 1023 3117 non
1046 3055 1134 3118 fuerit
1151 3059 1272 3118 liberum
1287 3061 1333 3119 vel

156 3163 186 3220 in
201 3163 307 3234 exigua
321 3177 407 3220 causa
422 3161 544 3236 principi
560 3163 711 3234 quicquam
726 3161 885 3237 denegare,
903 3169 935 3221 ut
951 3169 979 3222 et
993 3163 1056 3222 haec
1071 3168 1158 3223 antea
1172 3181 1224 3239 per
1239 3165 1331 3240 Magi·

155 3270 250 3326 strum
264 3265 381 3324 Florum
395 3267 480 3326 latius
496 3271 614 3325 narrata
630 3271 733 3325 essent.
772 3266 886 3326 Deinde
902 3267 978 3340 quod
993 3267 1030 3326 ad
1047 3267 1259 3343 coloniensem,
1280 3287 1332 3328 nos

155 3369 266 3432 habere
289 3369 417 3430 diversas
441 3371 598 3444 dinastiae,
614 3372 714 3429 nostri
734 3371 884 3432 comitatus
898 3388 944 3431 me
965 3387 1027 3431 esse
1048 3374 1188 3432 seniorem
1209 3380 1238 3432 et
1255 3374 1333 3447 ipsos

157 3477 227 3534 mihi
242 3481 369 3536 astantes
384 3475 489 3535 iratres
504 3491 563 3534 non
583 3481 682 3534 tenere
704 3475 803 3534 eadem
823 3473 965 3548 dominia,
989 3481 1019 3533 et
1033 3482 1112 3534 ortas
1133 3475 1248 3546 quidem
1270 3493 1333 3536 esse

157 3581 258 3641 turbas
273 3580 349 3639 inter
363 3578 469 3640 fratres
484 3586 514 3639 et
528 3578 741 3653 coloniensem,
761 3585 875 3639 nostros
891 3585 986 3638 autem
1001 3596 1059 3638 non
1074 3579 1227 3652 sumpsisse
1243 3595 1332 3655 arma,

157 3692 191 3746 ut
207 3685 370 3746 Coloniensi
392 3685 437 3764 (ut
451 3688 475 3746 is
492 3703 544 3746 nos
566 3683 722 3759 accusavit)
744 3683 850 3744 bellum
870 3683 1052 3758 inferremus3
1077 3690 1219 3757 utcunque
1238 3690 1333 3745 autem

159 3805 206 3849 res
219 3807 251 3850 se
265 3791 406 3865 babeant,
431 3793 565 3864 quoniam
586 3781 827 3880 reverendissima
841 3790 877 3851 D.
894 3792 928 3851 V.
949 3808 1000 3852 nos
1020 3791 1057 3851 ad
1076 3792 1225 3850 concilium
1243 3793 1332 3867 impe·

159 3897 230 3956 riale
252 3898 396 3971 remittat,
419 3902 515 3956 mmen
539 3897 606 3970 quia
627 3897 710 3956 uobis
732 3901 831 3956 notum
852 3896 890 3955 sit
912 3912 993 3957 suam
1015 3897 1218 3956 authoritatem
1239 3898 1335 3972 magni

160 4003 236 4075 apud
252 4017 407 4062 caesaream
422 4003 601 4075 majestatem
616 3999 688 4075 fieri,
704 4001 776 4060 adeo
799 4007 839 4074 ut,
857 4018 1034 4074 quaeeunque
1049 4007 1209 4062 tractentur
1223 4003 1254 4060 in
1268 4017 1334 4060 oon·

160 4105 223 4167 cilio
239 4107 397 4181 imperiali,
413 4109 475 4166 siue
489 4105 577 4180 ipsius
593 4093 713 4166 assensu
727 4103 814 4165 fiuem
831 4108 958 4166 nancisci
973 4123 1031 4166 nou
1046 4112 1161 4180 queant,
1177 4121 1229 4165 uos
1243 4105 1334 4166 humi·

160 4211 226 4271 liter
240 4227 347 4286 rogare
363 4217 396 4272 ut
404 4211 441 4272 Ι).
453 4212 482 4271 S.
499 4227 551 4272 nos
568 4216 597 4272 et
612 4211 689 4285 apud
702 4212 879 4285 imperialem
892 4213 1072 4285 majestatem
1086 4227 1223 4270 excusare
1238 4215 1268 4270 et
1282 4228 1336 4285 pro
1404 4247 1410 4256 -

161 4315 242 4376 nobis
257 4318 437 4379 intercedere
457 4317 635 4392 dignaretur.
674 4317 709 4376 Id
724 4317 748 4374 si
769 4333 826 4390 qua
840 4317 871 4374 in
886 4332 917 4375 re
932 4316 1093 4391 promereri
1107 4317 1261 4390 possimus,
1284 4332 1335 4374 uos

163 4427 309 4500 promptos
335 4439 398 4484 esse
419 4429 491 4499 ete,
516 4427 549 4483 ut
571 4421 659 4484 dabat
679 4423 710 4482 in
732 4423 902 4484 necessitate
926 4437 1028 4482 sermo.
1066 4421 1114 4482 Ad
1137 4421 1198 4482 baec
1215 4419 1334 4496 presul:
