2940 4900
649 320 711 384 tre

88 503 167 558 autes
182 494 343 559 habebant.
366 495 450 559 Licet
464 501 540 558 enim
554 505 626 559 teate
642 499 670 558 1.
686 498 778 558 Paulo
794 497 887 558 Deum
907 514 943 558 ex
958 499 1107 559 11111111
1122 497 1220 560 mundi
1236 505 1266 560 11

88 605 232 663 creatione
254 621 355 663 rerum
375 606 558 678 agnoverint,
584 610 679 664 tamen
699 610 731 663 ut
747 607 776 662 et
790 602 828 662 ab
851 603 951 662 eodem
965 603 1003 662 ad
1016 605 1100 664 Rom.
1116 607 1130 664 Ι
1145 607 1263 679 culpan·

87 715 140 783 tur,
156 724 217 767 non
233 713 268 766 ut
284 709 381 768 Deum
400 709 447 768 vel
460 707 693 782 glorificaverunt
711 709 757 768 vel
771 709 958 767 honorarunt.
998 709 1094 780 Quare
1109 713 1138 768 et
1152 709 1181 768 hi
1197 726 1264 768 con·

87 813 192 872 surltore
209 812 345 872 Sathena
365 813 403 872 ob
423 813 574 873 veritatem
594 811 792 872 christifideles
813 812 976 872 enormibus
996 813 1142 887 suppliciis
1158 818 1187 872 et
1202 829 1265 872 cru·

87 917 232 976 delissimo
249 918 393 991 martyrio
409 915 582 976 afflixerunt.
620 917 735 976 Pseudo
755 933 825 977 uero
848 917 995 976 christiani
1017 917 1089 976 nihil
1102 917 1195 977 minus
1210 918 1266 978 sibi

87 1022 223 1095 imputari
243 1025 360 1094 sinunt,
383 1036 469 1094 qnam
491 1016 567 1094 quod
588 1020 731 1080 Christum
750 1026 780 1081 et
802 1037 869 1080 1111
889 1021 927 1082 ob
946 1023 977 1082 id
991 1021 1069 1094 quod
1084 1021 1197 1082 Christo
1212 1037 1263 1080 no·

86 1127 161 1184 mina
176 1126 319 1187 dederint
333 1133 362 1186 et
377 1127 484 1186 Christi
497 1127 673 1186 voluntatem
687 1127 867 1200 annuncient,
884 1130 1103 1200 persequantur,
1125 1127 1177 1186 sed
1192 1125 1263 1186 alias

86 1241 184 1290 musas
201 1231 375 1291 crudelitati
389 1236 419 1289 et
433 1230 568 1303 nequitia
583 1247 643 1288 111
658 1229 840 1304 pretendunt
857 1230 1033 1306 (11111111
1048 1231 1168 1302 putavit,
1186 1229 1263 1303 quod

87 1333 120 1391 dc
133 1334 255 1393 Ariams
271 1351 326 1408 per
339 1335 503 1394 Musonium
517 1351 602 1414 versa
616 1335 722 1408 pagine
738 1335 844 1392 dictum
859 1331 973 1407 scripsi)
989 1334 1097 1392 scilicet
1112 1333 1190 1406 quod
1205 1335 1264 1392 sint

86 1436 213 1498 homines
239 1440 393 1499 seditionis
412 1445 558 1514 amantes,
581 1438 730 1498 traditioni
752 1445 866 1511 patrum
880 1436 1059 1511 refragantes
1075 1437 1199 1496 1111111
1215 1439 1265 1509 qui

89 1540 169 1600 1111
186 1547 232 1602 est
248 1545 380 1603 ecelesia
394 1560 462 1602 usus
477 1543 679 1617 perturbantes
690 1548 743 1602 eto.
766 1543 812 1600 lta
828 1548 858 1601 et
871 1547 970 1600 nostro
981 1542 1077 1600 seculo
1092 1557 1151 1599 non
1166 1542 1196 1610 in
1210 1556 1264 1598 nos

87 1647 223 1722 saeviunt,
253 1649 335 1722 quod
349 1649 528 1722 euangelium
543 1648 761 1720 annunciamus,
784 1647 836 1706 sed
858 1646 936 1718 quod
951 1647 1038 1704 simus
1053 1645 1191 1718 haeretici,
1215 1645 1264 1717 qui

88 1765 152 1808 vere
167 1755 324 1814 veritatem
338 1753 504 1825 praedicent.
542 1741 614 1811 Haec
633 1756 727 1811 autem
751 1752 854 1810 solatio
869 1750 952 1809 nobis
969 1767 1032 1810 1111
1048 1751 1162 1822 debent,
1187 1749 1264 1822 quod

11 1901 13 1952 3
90 1852 218 1916 Christus
245 1859 335 1918 dixit:
359 1858 430 1916 Haeo
449 1858 546 1916 omnia
563 1862 681 1930 propter
704 1871 808 1914 noman
827 1872 922 1913 meum
943 1853 1049 1915 facient
1070 1854 1169 1927 vohis,
1186 1851 1265 1925 quod

11 1967 13 2010 l
92 1957 167 2032 digni
181 1962 350 2021 habeantur
367 1960 378 1996 ¹
393 1962 456 2021 haec
470 1963 530 2035 pati
545 1967 664 2034 propter
679 1976 783 2018 nomen
806 1960 921 2040 domini.
960 1959 1050 2019 Addit
1065 1975 1179 2032 quoque
1195 1957 1265 2030 quid

94 2071 165 2123 esset
178 2067 217 2125 oh
232 2081 342 2125 nomen
358 2067 465 2126 domini
479 2065 524 2129 vel
546 2065 631 2123 etiarn
651 2079 753 2122 nornen
768 2063 882 2123 domini.
922 2063 1038 2122 Certum
1053 2068 1098 2122 est
1113 2063 1188 2122 enim
1203 2078 1263 2121 ser·

92 2182 154 2226 uum
167 2168 288 2230 fidelem
309 2175 340 2236 11
360 2169 426 2228 1111
447 2175 476 2228 11
490 2168 735 2243 persecutionibus
750 2170 787 2228 eb
809 2184 914 2228 nomen
929 2169 1036 2228 domini
1051 2169 1095 2227 sui
1110 2167 1263 2227 obnoxium

94 2286 160 2332 esse.
198 2275 301 2335 Donet
321 2280 418 2333 autem
438 2274 522 2332 Deus
537 2274 659 2346 optimus
683 2275 823 2331 maximus
845 2280 878 2333 ut
900 2271 957 2332 fide
971 2272 1054 2330 firma
1078 2279 1107 2330 et
1122 2272 1263 2345 patientia

12 2436 15 2455 ,
94 2377 249 2440 christiana
270 2379 340 2437 nihil
359 2379 396 2438 ob
415 2379 537 2437 1111111
559 2377 667 2436 111111
689 2383 718 2437 11
732 2379 861 2436 veritatis
883 2375 1058 2449 agnitionem
1074 2373 1194 2434 sufferre
1211 2375 1260 2433 de·

95 2484 256 2558 tractemus,
274 2483 474 2556 recogitantes,
491 2483 568 2555 quod
583 2483 644 2554 ipse
659 2482 786 2541 salvator
805 2485 904 2539 noster
923 2497 942 2539 a
956 2480 1062 2540 mundo
1078 2486 1108 2539 11
1123 2479 1181 2536 suis
1196 2495 1262 2551 per·

11 2609 12 2614 ¹
94 2589 255 2647 secutiones
276 2603 378 2660 passus
401 2590 455 2662 sit,
478 2593 507 2646 et
521 2588 646 2661 apostoli
661 2590 690 2646 et
704 2589 845 2657 martyres
860 2589 928 2644 ante
942 2601 1004 2658 nos,
1027 2590 1060 2643 ut
1074 2596 1260 2658 perseveran-

12 2725 13 2730 1
95 2692 134 2748 tes
150 2687 161 2724 ²
176 2694 207 2751 in
227 2692 312 2750 finam
327 2697 360 2750 ut
379 2692 459 2766 cujus
474 2693 635 2765 passionem
649 2691 805 2764 participes
819 2690 920 2760 simus,
948 2690 1009 2761 ejus
1025 2689 1139 2760 quoque
1154 2687 1260 2760 gaudia

11 2829 12 2833 =
94 2799 313 2864 persentiamus.
350 2797 384 2855 ld
398 2802 438 2868 te,
455 2813 563 2854 summe
577 2802 670 2869 pater,
687 2811 741 2869 per
754 2793 855 2852 Jesum
865 2792 1009 2851 Christum
1025 2792 1169 2851 1111111
1185 2796 1214 2850 11
1227 2791 1261 2850 li-

12 2898 13 2924 ³
96 2894 258 2959 beratorem
272 2905 402 2960 nostrum
418 2901 533 2960 unicum
547 2897 638 2958 filium
652 2903 732 2957 tuum
747 2898 892 2958 humiliter
907 2897 1108 2970 deprecemur,
1125 2911 1189 2954 cum
1206 2909 1263 2967 quo

12 2999 13 3063 3
95 3001 144 3060 tibi
158 3011 187 3064 et
200 3011 303 3064 sanato
318 3006 431 3080 spiritui
447 3005 637 3077 sempiternus
653 3003 690 3062 sit
704 3003 806 3077 honor,
827 3003 890 3061 laus
906 3007 935 3062 et
950 3002 1042 3074 gloria
1056 3002 1086 3062 in
1101 3007 1203 3061 cuncta
1218 3017 1262 3060 se·

12 3137 13 3184 l
98 3107 158 3167 cula
172 3111 343 3170 seculorum.
366 3111 469 3168 Amen.

178 3213 291 3274 Eadem
312 3232 331 3274 a
349 3215 485 3274 concione
509 3216 540 3272 in
561 3210 616 3271 hoc
634 3213 742 3286 templo
761 3213 789 3272 d.
814 3209 944 3272 Mauritii
966 3184 1102 3286 optimum
1126 3212 1219 3270 uirum
1234 3210 1262 3270 1.

97 3311 234 3378 lucabum
249 3319 346 3378 Sturm
360 3319 501 3392 alloquuti
515 3334 628 3391 sumus,
649 3333 683 3376 ac
704 3333 759 3389 quo
781 3318 812 3375 in
827 3323 904 3376 statu
923 3333 970 3374 res
990 3322 1096 3375 nostrae
1113 3321 1208 3373 essent
1222 3315 1264 3370 iili

98 3424 293 3497 exposuimus,
314 3439 349 3483 ac
369 3439 433 3482 cum
448 3437 482 3482 eo
498 3424 574 3494 quod
599 3422 636 3482 ab
652 3423 714 3493 ipso
730 3426 759 3480 et
773 3422 836 3480 aliis
851 3421 966 3479 auditur
980 3418 1146 3476 Ratisbonae
1161 3419 1192 3474 in
1207 3417 1264 3473 col-

98 3519 189 3596 loquio
206 3513 367 3586 nominatus
383 3545 483 3601 essem,
501 3545 536 3588 ac
551 3528 619 3600 quid
634 3528 704 3592 mihi
720 3543 756 3585 ex
771 3541 805 3583 ea
821 3521 999 3597 proiectione
1019 3520 1180 3593 contigerit,
1196 3534 1263 3577 con·

98 3627 155 3689 tuli.
178 3632 234 3704 Qui
249 3633 303 3691 ait:
324 3633 364 3690 Et
379 3631 448 3704 quid
461 3633 492 3689 in
508 3648 542 3690 ea
556 3647 589 3690 re
603 3645 723 3702 peccare
745 3626 887 3704 potuisti?
912 3627 967 3685 nisi
982 3625 1059 3699 quod
1073 3626 1199 3710 principi
1212 3630 1264 3684 tuo

100 3746 131 3791 ea
145 3753 209 3810 quae
224 3737 368 3797 tenebaris
383 3735 487 3809 iacere,
503 3735 623 3796 iaceres.
648 3733 706 3795 Sed
716 3735 756 3792 sic
770 3749 817 3792 res
832 3731 975 3806 sehabet,
991 3749 1057 3792 narn
1071 3732 1143 3806 ipse,
1160 3732 1263 3805 inquit,

98 3839 196 3900 mirum
210 3843 241 3900 in
259 3843 374 3901 11111
400 3841 562 3901 civitatibus
582 3846 692 3914 metuo,
713 3857 780 3899 nam
794 3855 870 3898 nunc
884 3840 960 3898 inter
975 3855 1074 3898 saxum
1095 3843 1125 3898 et
1138 3839 1265 3914 lapidem

99 3947 210 4020 stamus,
224 3948 310 4019 juxta
324 3946 516 4020 proverbium.
541 3945 639 4004 Caesar
653 3947 729 4004 enim
744 3946 910 4004 commotior
924 3943 955 4002 in
969 3960 1021 4003 nos
1037 3945 1149 4017 objicit,
1165 3940 1264 4003 videre

100 4050 211 4126 cenibil
226 4068 278 4110 sua
293 4067 365 4124 erga
379 4067 432 4110 nos
447 4050 607 4124 clementia,
625 4049 699 4108 nihil
713 4051 844 4126 precibus
859 4050 905 4110 vel
918 4049 993 4108 bello
1005 4064 1117 4122 quoque
1127 4048 1264 4105 hactenus

99 4153 265 4229 proiecisse,
290 4171 380 4228 quare
395 4155 450 4214 sibi
472 4155 577 4215 bellum
592 4156 804 4230 suscipiendum
819 4157 931 4219 uideret
945 4155 1042 4228 priore
1057 4151 1147 4208 multo
1163 4148 1263 4208 crude·

669 4292 685 4326 at

166 4382 178 4427 1
198 4377 365 4429 habeamur?
438 4381 452 4428 2
473 4380 499 4427 et
516 4379 732 4442 perseuerantes?
978 4451 1015 4504 12
1033 4445 1048 4478 *
