3028 4894
748 337 793 402 34

267 519 402 595 Fuggeri,
418 517 628 594 Banmgarteri,
644 519 828 595 Herbrotcri,
852 518 951 580 Goslci
966 525 996 580 et
1011 519 1151 595 quidquid
1164 519 1269 582 harum
1284 521 1352 582 har-

179 626 293 700 piorum
308 630 361 701 001,
379 640 445 686 suos
460 629 617 698 proventus
632 623 663 686 in
676 623 722 684 his
738 626 859 686 comitiis
874 625 1017 702 adaugere
1034 627 1177 686 dicuntur.

268 730 391 792 Domine
406 731 487 791 Deus
503 737 532 790 et
546 745 607 805 rex,
624 731 655 788 in
671 731 750 804 cujus
765 747 852 790 manu
866 731 953 792 corda
968 732 1094 792 omnium
1109 737 1176 792 sunt
1190 731 1354 808 viventium,

181 836 230 910 qui
243 835 331 896 hodie
345 836 415 894 mihi
429 837 460 894 in
476 841 628 910 conspectu
643 836 671 894 N
690 841 719 896 et
739 837 767 896 N
788 837 912 910 gratiam
931 838 1061 896 invenire
1081 836 1202 912 dedisti,
1227 838 1277 910 qui
1297 853 1355 897 non

181 939 331 1002 confundis
345 939 434 1001 iacies
448 938 502 1000 tibi
517 956 548 999 00
562 931 803 1015 permittentium,
826 941 932 1000 inclina
948 957 997 1002 cor
1011 958 1113 1016 regum
1128 945 1158 1000 et
1177 941 1282 1002 habeto
1303 958 1353 1001 cn-

181 1061 245 1106 ram
260 1048 360 1106 nostri.
383 1046 419 1106 Id
432 1051 462 1106 te
478 1045 618 1132 deprecor
633 1062 686 1120 per
701 1047 720 1106 J
722 1062 800 1105 esum
817 1044 962 1104 Christum
978 1045 1281 1122 11010100011100111011,
1305 1049 1355 1120 qni

180 1157 275 1211 tecum
289 1153 404 1212 1111101
419 1156 523 1228 regnat
537 1154 568 1212 in
581 1153 694 1213 unitate
709 1153 827 1226 spiritus
843 1151 874 1211 S:
884 1149 964 1212 Deus
979 1166 1032 1224 per
1048 1151 1143 1212 omnia
1158 1152 1255 1212 secula
1268 1167 1350 1212 secu-

181 1255 284 1317 lorum.
307 1255 409 1317 Amen.

269 1363 443 1423 Benedictus
458 1361 546 1442 Deus,
569 1363 619 1436 qui
634 1360 772 1422 mirabilis
788 1368 833 1423 cst
846 1363 877 1422 in
891 1363 997 1424 sanctis
1019 1363 1087 1423 suis.
1121 1363 1197 1422 Nam
1218 1377 1290 1437 quos
1309 1361 1354 1422 11-

183 1468 360 1542 deturjuxta
374 1472 489 1528 nostros
505 1467 601 1526 oculos
617 1467 765 1542 abjecisse,
780 1467 834 1527 hos
849 1467 953 1542 evehit,
970 1484 1042 1540 quos
1057 1469 1089 1527 in
1102 1469 1191 1528 altum
1206 1467 1353 1541 extulisse,

181 1574 234 1632 hos
248 1578 344 1632 mente
359 1573 454 1634 cordis
470 1573 514 1632 sui
530 1571 678 1647 disperdit,
694 1577 727 1631 ut
741 1571 839 1632 uidere
855 1577 907 1632 est.
932 1573 979 1634 Sic
991 1573 1096 1634 Daniel
1110 1572 1240 1646 abjectus
1256 1577 1285 1632 01
1299 1572 1353 1631 hu·

181 1679 256 1736 milis
270 1678 515 1751 lerosolymorum
530 1679 600 1738 civis
615 1678 723 1751 primos
738 1678 861 1739 honores
877 1679 944 1738 exul
959 1684 989 1738 et
1003 1679 1142 1739 abductus
1157 1677 1236 1754 apud
1249 1681 1353 1751 poten·

181 1783 320 1842 tissimum
335 1782 502 1855 Babyloniae
518 1798 616 1856 regem
630 1784 825 1855 consequitur.
850 1783 897 1843 Sic
911 1784 1021 1858 Joseph
1036 1801 1054 1844 0
1068 1781 1205 1844 homibus
1219 1781 1354 1842 venditus

182 1892 213 1947 et
226 1889 288 1964 ipse
303 1893 403 1962 captus
419 1893 449 1948 et
468 1889 498 1946 in
518 1902 634 1947 carcere
653 1889 807 1962 primatum
825 1889 886 1962 agit
903 1894 934 1948 et
951 1887 1092 1948 secundus
1111 1886 1144 1947 fit
1160 1892 1226 1964 post
1243 1903 1352 1963 regem.

182 1992 230 2054 Sic
239 1993 366 2054 loannes
376 1991 542 2052 Friderious
555 1997 585 2052 et
599 1993 753 2054 ditionibus
769 1993 899 2052 omnibus
914 1999 1017 2054 exutus
1032 1999 1062 2054 01
1075 1995 1106 2053 in
1122 1993 1251 2054 custodia
1265 1993 1354 2052 ctiam

181 2098 219 2158 ab
233 2097 364 2159 hostibus
378 2099 476 2172 magni
489 2095 523 2158 fit
538 2103 567 2159 et
581 2115 599 2158 a
614 2102 699 2173 gente
714 2099 877 2172 alienigena
892 2101 922 2158 01
936 2100 1048 2158 exotica
1062 2098 1136 2158 bene
1151 2097 1244 2172 audit,
1265 2097 1351 2156 Mau·

182 2204 266 2266 ritius
281 2203 330 2263 1110
346 2207 375 2263 01
389 2200 426 2263 ab
441 2204 548 2263 exteris
563 2204 725 2264 nationibus
741 2209 803 2262 010
823 2201 986 2264 Germaniae
1005 2204 1145 2278 indigenis
1164 2203 1239 2262 mole
1260 2202 1352 2276 audit,

181 2306 256 2370 forte
271 2325 346 2369 nuno
361 2325 533 2386 agnoscens,
558 2313 667 2383 quanta
686 2287 838 2368 infelicitas
859 2310 897 2368 sit
912 2310 996 2382 juxta
1016 2307 1241 2368 Machabecrnm
1261 2306 1352 2367 libros

181 2431 337 2491 prosperos
352 2431 421 2490 erga
436 2421 572 2490 cognatos
586 2413 693 2474 habere
708 2429 868 2488 successus,
885 2431 922 2473 ne
935 2413 1052 2472 interim
1067 2413 1169 2472 animis
1185 2413 1275 2488 ipsius
1288 2412 1350 2471 Ao·

182 2522 258 2595 gusti
269 2519 419 2581 Octaviani
430 2519 522 2581 dicto:
538 2519 734 2580 Proditionem
744 2535 818 2594 amo,
834 2518 1012 2593 proditorem
1027 2535 1085 2577 non
1098 2520 1150 2593 110,
1166 2517 1350 2593 percelletur.

270 2645 328 2688 xxv
346 2626 468 2703 Aprilis,
500 2643 564 2700 quse
584 2627 676 2685 Marci
701 2625 895 2700 Evangelistae
920 2640 1003 2684 sacra
1025 2629 1089 2684 erat
1108 2623 1169 2684 dies
1191 2625 1222 2682 iu
1244 2623 1351 2697 templo

181 2731 328 2791 Minorum
340 2748 499 2792 sermonem
511 2729 612 2792 audire
620 2731 793 2805 volebamus,
809 2745 909 2789 verum
917 2730 941 2788 10
957 2734 1024 2790 ante
1038 2733 1148 2788 00111011
1162 2726 1260 2788 linitus
1276 2731 1349 2800 erat,

182 2853 272 2910 qnare
286 2836 325 2896 ad
339 2835 376 2895 D.
391 2836 522 2895 Mauritii
536 2835 627 2896 aedem
646 2853 699 2896 nos
719 2835 903 2908 contulimus,
926 2832 966 2892 ibi
986 2833 1022 2893 D.
1043 2833 1206 2892 Musoulum
1227 2848 1263 2892 ex
1285 2847 1364 2905 cap«

184 2944 225 2999 14
247 2941 369 3000 Joanms
387 2941 450 2998 hac
464 2939 553 2999 verba
568 2939 673 2999 Christi
687 2939 808 2999 scilicet:
834 2940 926 3002 «Hac
937 2933 1050 2999 locutus
1066 2955 1129 2997 sum
1148 2935 1245 3010 vobis,
1271 2935 1351 3010 apud

182 3059 232 3102 100
247 3058 381 3118 manens,
405 3043 568 3117 paracletus
583 3049 680 3102 autem
694 3043 756 3117 ille,
779 3043 829 3116 qui
844 3049 888 3102 est
903 3043 1026 3116 Spiritus
1042 3044 1070 3104 S.
1087 3058 1172 3117 quern
1193 3038 1349 3119 (spiritum)

180 3149 276 3208 mittet
289 3154 373 3222 pater
386 3147 501 3207 nomine
515 3163 589 3222 meo,
604 3148 653 3207 ille
667 3164 719 3208 100
735 3146 849 3209 docebit
863 3149 957 3208 omnia
972 3154 1003 3209 et
1017 3146 1241 3224 suggeretvcbis
1253 3146 1350 3205 omnia

180 3267 356 3327 quacunque
373 3251 432 3311 dixi
447 3251 547 3312 vobis»
564 3253 708 3328 legentem
723 3257 752 3313 01
766 3258 961 3327 exponentem
977 3253 1144 3313 audiamus.
1174 3249 1348 3324 1100011111-

181 3357 314 3417 turinter
326 3362 439 3434 caetera,
456 3358 520 3433 quis
536 3363 612 3419 esset
624 3358 673 3418 ille
689 3359 805 3431 spiritus
820 3357 950 3417 veritatis
966 3364 996 3418 et
1009 3360 1142 3433 quisnam
1156 3359 1180 3417 is
1196 3361 1280 3432 00001,
1298 3356 1348 3429 qui

178 3479 243 3522 eum
258 3463 317 3524 dat.
339 3463 412 3525 Item
426 3463 504 3537 quod
519 3463 753 3524 exercitationem
768 3463 901 3523 doctrina
915 3462 1079 3537 praecedere
1091 3462 1204 3536 debeat,
1221 3465 1250 3520 et
1267 3460 1348 3533 prius

180 3569 290 3629 discere
305 3586 392 3642 quam
406 3572 481 3630 scire
496 3570 655 3629 conveniat.
679 3569 798 3629 Nullum
813 3569 890 3627 enim
905 3567 1030 3627 officium
1044 3569 1090 3628 vel
1105 3574 1197 3628 artem
1215 3580 1346 3626 neccssa-

179 3673 252 3732 riam
267 3688 402 3734 exercere
416 3677 537 3750 poterit,
555 3677 604 3754 qui
620 3691 678 3734 nou
692 3676 773 3748 prins
788 3673 825 3733 ab
840 3655 1107 3746 0110001001100100
1122 3687 1185 3732 eam
1199 3668 1288 3745 probe
1304 3668 1346 3728 di·

179 3776 290 3836 dicerit.
323 3777 396 3836 Item
411 3777 605 3838 0111010101).
622 3779 760 3854 apostolis
776 3780 834 3838 suis
853 3780 884 3838 in
905 3781 1039 3851 quartum
1057 3794 1149 3850 usque
1171 3791 1277 3837 annum
1297 3789 1349 3833 oro

179 3897 231 3940 suo
246 3886 430 3940 sacrosancto
445 3883 644 3942 concionatum
659 3899 735 3958 esse,
759 3899 813 3943 nec
827 3887 923 3944 10111011
940 3898 989 3942 000
1005 3899 1041 3942 ex
1055 3898 1142 3942 carne
1157 3887 1187 3941 et
1207 3879 1348 3954 sanguine

163 3985 252 4046 *hunc
265 3983 389 4046 fructum
404 3987 559 4046 salutarem
574 3993 777 4062 consequutus,
802 3989 872 4061 quin
891 3988 946 4046 hoc
966 3988 1070 4062 spiritu
1089 3988 1237 4062 paracleto
1258 3983 1348 4044 corda

177 4105 277 4150 corum
291 4093 474 4166 aperirentur
489 4095 518 4150 01
532 4089 570 4150 01)
584 4091 634 4151 illo
650 4091 830 4153 docerentur.
859 4093 933 4152 item
947 4092 1018 4150 nihil
1038 4089 1134 4151 iacere
1154 4090 1191 4152 ad
1212 4090 1346 4162 salutem,

177 4195 267 4256 multo
281 4201 411 4271 tempore
424 4194 543 4256 verbum
564 4195 719 4271 audivisse,
743 4197 774 4254 ni
793 4195 910 4271 spiritus
934 4213 1048 4269 quoque
1067 4198 1144 4256 intus
1164 4199 1346 4270 cooperetur.

178 4300 251 4360 Item
266 4317 352 4373 quam
374 4303 460 4361 etiam
480 4301 517 4360 D.
534 4301 707 4376 ,Hieronymi
726 4306 812 4361 aetate
833 4301 953 4360 00010010
973 4304 1011 4362 ab
1032 4301 1086 4361 hoc
1107 4301 1209 4377 spiritu
1229 4299 1347 4360 deviare

176 4406 310 4482 coeperit,
325 4406 473 4468 euidenter
487 4423 524 4468 ex
537 4408 633 4469 uerbis
650 4408 740 4483 ipsius
748 4405 916 4481 Hieronymi
931 4406 962 4466 iu
976 4406 1145 4484 epistolaad
1154 4405 1347 4482 Nepotianum
