2940 4900
771 342 815 408 ct

209 527 261 584 bus
277 533 306 585 et
325 527 436 586 catenis
452 527 572 586 statibus
592 527 714 600 imperil,
738 531 770 584 ut
789 541 824 584 eo
843 527 938 586 animo
953 526 1016 598 hoc,
1041 541 1096 598 quo
1120 524 1221 584 Caesar
1236 519 1303 582 illud
1314 537 1371 581 con·
1459 521 1460 574 l

209 631 294 688 scribi
315 632 458 706 statuerit,
482 632 639 705 suscipiant
660 636 688 690 et
705 631 789 705 juxta
809 631 923 690 interim
946 629 1022 690 illius
1045 631 1234 705 praescripta,
1259 642 1318 700 qna
1335 641 1373 684 re·
1459 643 1460 677 i

209 735 342 808 ligiouem
365 739 548 809 concernunt,
573 735 725 795 observent
745 741 774 794 et
795 735 832 796 ad
851 734 936 809 hujus
958 751 1086 795 normann
1106 751 1178 794 snos
1203 735 1299 792 vivere
1319 747 1375 803 pro·
1457 747 1460 782 l

210 847 311 900 curent
332 857 422 914 usque
445 840 482 899 ad
511 835 636 898 futurum
665 841 814 901 concilimn
844 842 972 914 proxime
999 841 1196 902 indicandum.
1244 838 1376 896 Electcres
1458 863 1460 872 <

208 945 306 1004 habito
321 945 438 1004 consilio
454 947 562 1018 gratias
576 947 742 1018 imperatori
762 961 815 1020 pro
835 961 886 1038 sua
907 945 1057 1006 clementia
1078 949 1214 1020 egerunt,
1239 942 1378 1002 laudantes
1459 967 1460 974 κ

209 1067 333 1108 amorem
348 1050 437 1123 ipsius
452 1050 481 1107 in
498 1066 673 1110 communem
693 1052 825 1124 patriam,
850 1055 879 1110 et
899 1054 932 1109 ut
951 1051 1146 1110 communibus
1168 1046 1320 1110 ordinibus
1333 1047 1376 1102 im·
1459 1059 1460 1066 ¹

208 1155 281 1226 perii
296 1154 350 1214 hoc
364 1155 561 1229 impartiretur
582 1159 728 1229 rogarunt.
768 1155 831 1216 Erit
851 1161 945 1214 autem
966 1155 1050 1228 hugus
1070 1155 1204 1215 historia
1226 1157 1306 1214 actm
1321 1150 1378 1209 alili

209 1259 421 1320 describendus
1299 1341 1301 1348 y

298 1365 406 1425 Eadem
421 1363 610 1441 wolfgangus
630 1365 776 1426 Musonius
796 1367 859 1425 loco
880 1372 909 1425 et
927 1373 1055 1442 tempore
1076 1372 1217 1426 consueto
1235 1362 1376 1422 conciona-

209 1478 255 1528 tus
277 1477 321 1529 est
340 1487 375 1530 ex
396 1486 457 1543 cap.
479 1473 516 1529 lo
537 1469 657 1531 loannis
673 1471 864 1545 evangelistae,
888 1472 1019 1530 nimirum
1036 1471 1073 1532 de
1092 1471 1135 1530 hia
1151 1469 1254 1530 verbis
1271 1463 1380 1526 domini:
1460 1475 1461 1514 1

213 1576 347 1634 «Manete
362 1577 393 1634 in
408 1591 452 1634 me
468 1579 497 1634 et
512 1592 565 1650 ego
581 1577 610 1635 in
626 1576 714 1636 vobis.
747 1577 826 1636 Sicut
841 1577 948 1650 palmes
969 1592 1027 1635 non
1047 1571 1248 1650 potest'lerre
1268 1570 1382 1631 fructum
1460 1597 1461 1602 κ

209 1680 402 1753 asemetipso‚
427 1681 481 1738 uisi
502 1679 639 1740 manserit
657 1683 686 1740 in
708 1683 775 1754 vite,
799 1682 840 1739 sic
859 1695 911 1740 nec
931 1697 990 1753 vos,
1015 1682 1069 1739 nisi
1092 1683 1121 1738 in
1144 1698 1193 1740 me
1218 1672 1380 1736 manseritis.
1460 1689 1461 1712 ³

209 1784 272 1856 Ego
288 1799 349 1841 aum
365 1784 439 1856 vitis,
464 1800 514 1843 vos
534 1786 673 1858 palmites.
704 1787 759 1858 Qui
780 1792 877 1846 manet
898 1787 927 1846 in
948 1801 993 1844 me
1015 1790 1045 1844 et
1066 1801 1119 1859 ego
1141 1786 1170 1842 in
1194 1801 1241 1856 eo,
1267 1780 1314 1838 hic
1332 1774 1383 1833 lert

208 1887 330 1946 fructum
346 1887 479 1960 multum,
504 1891 572 1962 quia
586 1891 647 1949 sine
667 1907 712 1949 me
735 1890 805 1949 nihil
820 1892 939 1965 potestis
961 1890 1076 1951 lacere«
1101 1897 1155 1947 etc.
1195 1885 1313 1958 Duplex
1334 1885 1380 1948 est,
1460 1899 1461 1928 τ

210 1993 311 2065 inquit,
335 1991 441 2052 adunio
456 1993 515 2051 sire
532 1994 703 2068 conjunctio,
727 2001 852 2069 maest,
878 2011 934 2070 qua
950 1995 1185 2069 conglutinantur
1202 1989 1381 2065 magistratu
1460 2011 1461 2040 z

211 2103 240 2156 et
255 2095 368 2156 subditi.
399 2096 588 2172 Magistratus
608 2104 702 2172 potest
720 2101 815 2160 dicere
836 2100 964 2160 subdito:
987 2099 1076 2159 Mane
1097 2100 1150 2158 sub
1165 2115 1227 2169 me3
1253 2091 1379 2166 magister
1459 2109 1461 2146 l

210 2201 360 2277 discipulo:
384 2202 470 2262 Mane
492 2204 544 2263 sub
563 2220 620 2274 mer
646 2205 763 2264 mantus
779 2204 958 2276 adorarem,
984 2221 1067 2266 mane
1082 2220 1171 2280 penes
1188 2219 1236 2262 me
1250 2199 1297 2258 rel
1311 2190 1380 2268 apud

209 2323 263 2366 me.
300 2307 385 2368 Prior
399 2312 493 2367 autem
514 2310 796 2384 conglutinationem
818 2314 862 2368 est
882 2315 1034 2384 perpetua,
1059 2311 1126 2383 quia
1147 2305 1305 2380 discipulus
1328 2311 1379 2356 n011

208 2413 295 2473 habet
309 2429 380 2487 opus
395 2429 509 2489 semper
523 2413 601 2489 apud
616 2416 784 2489 magstrum
799 2431 976 2489 permanere,
993 2414 1044 2474 sed
1059 2413 1160 2473 saltem
1176 2414 1272 2474 donec
1287 2408 1378 2467 literas

209 2518 389 2580 addidicerit.
420 2518 492 2578 item
508 2519 700 2580 mechanicam
716 2519 867 2580 addiscens
883 2524 973 2580 amem
994 2534 1051 2579 non
1071 2535 1184 2592 semper
1205 2517 1307 2578 codem
1323 2507 1377 2582 op'r

208 2624 255 2684 fici
277 2626 425 2686 adhaerere
449 2608 578 2699 uagitum
597 2626 649 2688 sed
669 2617 765 2698 potest
786 2630 815 2683 et
837 2606 991 2699 aliquando
1013 2624 1073 2697 ipse
1094 2625 1165 2683 artis
1188 2639 1250 2682 suae
1274 2609 1378 2689 expen-

208 2736 333 2789 mentum
353 2730 457 2790 iacere.
496 2731 595 2791 Altera
617 2737 712 2789 antem
732 2730 838 2791 adonio
859 2729 1015 2804 spiritualis
1037 2735 1081 2787 ast
1101 2737 1131 2789 ct
1150 2730 1276 2798 interna,
1300 2725 1329 2780 et
1346 2715 1377 2774 dc

208 2833 263 2893 hac
286 2835 415 2894 Christus
438 2835 484 2894 hic
504 2834 642 2908 loquitur:
666 2835 783 2894 Monate
805 2836 834 2892 in
857 2850 916 2906 me,
940 2839 969 2892 et
992 2849 1046 2908 ego
1068 2835 1096 2892 in
1122 2835 1210 2893 vobis.
1255 2831 1303 2890 Sic
1326 2837 1376 2882 n⁰¹1

209 2941 335 3011 loquitur
349 2954 434 3014 papa,
458 2936 522 2996 sed:
546 2938 662 3000 Meneta
682 2939 735 2998 sub
756 2956 801 2998 me
817 2945 873 3000 eto
902 2938 941 2997 Et
956 2940 997 2997 sio
1010 2935 1184 3013 pontificiam
1200 2927 1375 3010 tyrannidem
1460 2989 1461 2992 ,

210 3041 339 3101 nonnihil
360 3043 497 3115 detegens
512 3042 650 3115 ejusmodi
666 3045 789 3103 sermoni
809 3042 983 3117 aliquamdiu
1004 3043 1171 3102 immoratus
1193 3047 1247 3102 est.
1278 3033 1375 3111 Aiebat
1458 3049 1459 3066 ¹

209 3149 313 3216 autem,
337 3151 444 3219 praeter
458 3143 532 3204 hanc
546 3145 658 3204 unicam
677 3145 755 3204 nulla
775 3153 819 3207 cst
839 3147 998 3208 concordia
1018 3148 1074 3218 via,
1098 3147 1206 3206 scilicet
1220 3155 1254 3206 nt
1268 3149 1375 3204 manti·
1460 3203 1461 3212 ,

209 3265 271 3306 mus
285 3250 314 3308 in
330 3247 444 3309 Christo
465 3249 562 3308 atille
585 3251 615 3310 in
637 3251 729 3311 nobis.
765 3253 805 3310 Et
824 3251 952 3326 proiecto
975 3267 1204 3327 supervacaneus
1225 3257 1270 3310 est
1290 3244 1374 3310 labor,

209 3335 290 3413 utin
311 3355 485 3414 caeremoniis
506 3361 535 3414 et
553 3354 719 3430 adiaphoris
740 3360 949 3431 conveniamus,
974 3372 1087 3416 causam
1104 3354 1319 3429 justificationis
1337 3349 1374 3406 in·
1460 3435 1461 3440 ἵ

208 3460 292 3520 terim
311 3457 560 3536 floccipendentes.
598 3461 680 3534 Hac,
705 3462 834 3536 inquam,
858 3463 932 3526 foret
951 3463 989 3523 ad
1009 3463 1189 3524 concordiam
1212 3467 1273 3537 via,
1296 3461 1319 3519 si
1334 3468 1373 3513 eu
1460 3451 1462 3532 ξ

154 3633 155 3636 ¹
208 3565 347 3626 clesiastae
370 3567 465 3627 idonei
488 3568 756 3639 constuuerenturp
774 3570 821 3643 qui
846 3570 980 3644 populum
1004 3567 1154 3641 docerent,
1185 3566 1325 3641 quomodo
1345 3559 1372 3615 in
1461 3629 1462 3638 χ

209 3668 322 3728 Christo
344 3672 503 3744 uuiremur,
535 3677 644 3732 ettam
667 3673 841 3746 cogitaretur
864 3673 901 3732 de
922 3671 1083 3733 homiuibus
1106 3671 1195 3732 adid
1217 3675 1305 3747 aptis,
1328 3659 1371 3738 qni

208 3787 260 3829 nos
275 3774 394 3831 iuncum
408 3777 628 3838 reconciliarent
643 3782 695 3836 etc.
729 3777 811 3850 Quod
827 3777 957 3838 Christus
973 3777 1058 3837 dixit:
1082 3777 1201 3838 Monate
1216 3779 1245 3836 in
1257 3793 1312 3849 nne,
1329 3781 1372 3829 0¹·

208 3873 379 3934 hortationis
398 3892 492 3937 sermo
513 3885 584 3952 arat,
609 3896 665 3953 quo
679 3881 736 3940 illis
750 3883 780 3940 in
802 3885 924 3942 mentem
944 3885 1062 3957 nemrot,
1087 3899 1151 3955 quoe
1170 3883 1251 3956 prins
1272 3881 1309 3941 ad
1327 3887 1371 3936 cot

208 3979 328 4039 dixerat.
365 3979 447 4052 Quod
466 3987 561 4042 autem
582 3983 634 4042 ait:
658 3983 696 4041 Et
717 4001 772 4059 ego
792 3989 822 4046 in
843 3987 933 4062 vobis,
957 3989 1107 4061 promissio
1128 3995 1201 4047 arat.
1236 3979 1372 4060 allegavit

209 4103 276 4146 vero
290 4086 438 4147 Masculus
457 4086 567 4161 aliquot
587 4086 740 4162 Augustini
761 4091 839 4149 locos
859 4091 895 4150 de
915 4092 1006 4153 libero
1027 4093 1147 4153 arbitrio
1167 4092 1205 4153 ad
1226 4093 1302 4152 hunc
1315 4101 1371 4150 sen·

208 4207 270 4249 sum
284 4189 429 4252 iacientes.
461 4191 627 4266 Opportune
642 4197 737 4251 aumm
751 4193 883 4267 palmites
898 4197 929 4254 iu
944 4197 1002 4256 vite
1017 4214 1151 4276 manere2
1160 4199 1240 4271 alias,
1257 4199 1282 4256 si
1296 4200 1372 4258 sura

209 4297 293 4354 vitem
320 4298 507 4372 luxuriarint,
536 4313 584 4360 eos
612 4301 767 4372 amputari,
798 4299 893 4372 colligi
922 4309 951 4360 ct
978 4302 1202 4362 concremandos
1230 4304 1261 4361 in
1282 4305 1369 4376 ignen

208 4401 318 4474 projici.
357 4403 388 4459 lu
404 4419 457 4475 nne,
482 4405 583 4476 inquit,
608 4403 747 4478 Christus,
772 4405 881 4465 scilicet
895 4423 952 4466 uuo
968 4424 1021 4480 une,
1046 4425 1111 4467 nam
1126 4408 1234 4468 divisus
1249 4423 1307 4468 nou
1322 4405 1368 4470 cst·
1461 4427 1462 4434 ¹
