2940 4900
759 316 825 386 174

637 469 641 481 V

203 503 301 564 mitior
316 517 351 564 ac
363 501 454 577 magis
469 499 638 578 benignior?
668 499 726 562 Sed
745 515 840 560 uonna
860 501 921 574 pati
942 507 1058 562 cuades
1077 507 1136 577 est,
1161 504 1193 562 et
1212 500 1291 562 alita
1306 499 1361 560 ieri

204 610 316 684 nequit,
333 625 419 682 quam
433 613 466 669 ut
480 606 508 668 d.
524 607 632 668 Paulus
647 607 696 668 ait.
729 607 833 667 Omnes
850 607 899 680 qui
914 608 963 682 pie
977 609 1075 670 vivere
1089 609 1120 668 in
1136 606 1254 670 Ohrmto
1267 605 1361 677 uolunt,

203 716 431 790 persecutionem
453 715 513 789 pati
534 719 674 788 oporteat.
722 713 777 785 Qui
793 717 889 772 autem
912 715 1008 774 animo
1030 729 1124 774 secum
1148 711 1364 788 persecutionem

204 817 299 881 fecem
314 818 481 893 destinarit,
497 818 544 876 hic
558 833 671 893 semper
685 817 766 877 aliud
780 823 809 878 et
824 818 903 879 eliud
916 819 1072 882 meditatur
1086 833 1120 880 ac
1135 799 1271 891 molitur,
1287 815 1366 876 donec

205 940 284 996 eum,
311 940 394 998 quem
409 928 591 997 persecutum
605 923 688 999 velit,
709 915 853 996 perditum
868 924 990 985 noverit.
1020 925 1083 984 Nec
1095 924 1165 999 hoc,
1189 922 1285 997 iuquit
1297 919 1366 978 liius·

205 1029 298 1102 culus,
320 1028 472 1088 observatu
493 1027 641 1101 indignum
661 1032 717 1101 est,
741 1028 818 1102 quod
833 1029 963 1090 Christus
978 1030 1063 1090 lesus
1080 1029 1231 1104 apostolos
1244 1027 1303 1100 jam
1314 1023 1366 1083 iere

205 1149 257 1206 per
272 1149 361 1192 anuos
377 1137 500 1207 quatuor
515 1133 609 1207 ipsum
624 1132 783 1207 audientes,
801 1140 833 1194 ut
847 1149 987 1194 memores
1003 1136 1061 1194 sint
1076 1133 1231 1207 sermonis,
1249 1145 1329 1204 quom
1341 1129 1367 1186 iu

204 1240 249 1299 his
265 1245 295 1300 et
308 1240 372 1300 aliis
387 1240 496 1313 aliquot
508 1239 577 1298 locis
592 1239 718 1312 dixerat,
743 1238 900 1299 admonuit.
932 1240 1031 1303 Voluit
1045 1245 1141 1300 autem
1163 1236 1312 1312 apostolus
1328 1231 1368 1290 hic

205 1345 374 1418 admonere,
396 1348 429 1404 ut
447 1345 598 1418 ingruente
617 1345 816 1417 persecutione
831 1346 1025 1420 cogitationes¹
1035 1345 1205 1406 cohiberent
1220 1342 1367 1412 horumque

204 1449 358 1511 verborum
372 1466 512 1510 memores
528 1454 637 1523 essent,
661 1451 770 1510 scilicet
784 1450 861 1523 quod
876 1449 1005 1510 Christus
1021 1457 1051 1511 et
1072 1449 1247 1526 praedixerit
1266 1445 1326 1503 bec
1344 1446 1369 1500 et

205 1555 252 1614 ille
267 1556 347 1630 prius
362 1571 515 1630 perpessus
536 1556 583 1613 sit.
614 1554 758 1615 Debemus
781 1561 811 1614 et
830 1570 880 1613 nos
900 1555 1077 1614 sermonibus
1098 1557 1134 1615 iis
1154 1554 1270 1614 animos
1290 1544 1367 1607 obdr-

205 1675 299 1732 mars,
316 1665 348 1718 ut
363 1661 388 1718 si
403 1676 460 1734 qua
475 1675 556 1719 secus
571 1675 605 1718 ac
620 1659 805 1732 sperabamus
820 1675 867 1719 res
882 1660 1053 1735 acciderint,
1077 1675 1137 1720 non
1152 1659 1254 1720 statim
1269 1654 1368 1714 animos

205 1764 371 1838 abjiciamus
387 1765 569 1838 querelantes
585 1771 614 1823 ct
629 1770 839 1830 murmurantes
854 1770 955 1826 cenna
975 1765 1133 1838 dominum,
1159 1763 1213 1824 sed
1234 1757 1367 1835 patente

206 1869 403 1942 perduremus.
433 1867 551 1927 Patiens
567 1869 641 1928 euim
655 1870 722 1929 terit
737 1871 833 1928 omnia
847 1870 939 1928 virtus
954 1875 983 1929 et
996 1874 1220 1943 perseuerantes
1235 1878 1323 1937 usque
1335 1857 1367 1917 td

205 1971 291 2034 tinem
306 1973 400 2032 salvos
422 1970 486 2032 fieri
509 1975 581 2034 dixit
603 1973 741 2038 Christus.
772 1973 883 2034 Durum
903 1980 999 2034 autem
1019 1981 1084 2035 erat
1104 1973 1245 2050 apostolis
1265 1967 1366 2037 audit

206 2094 238 2138 se
253 2079 480 2152 persecutionem
495 2095 631 2155 passuros
646 2079 683 2140 ab
699 2081 734 2138 iis
749 2079 919 2154 hominibus,
936 2080 985 2154 qui
998 2081 1120 2155 populus
1129 2079 1187 2140 Dei
1196 2075 1365 2140 dicebantur,

208 2184 257 2256 qui
272 2182 432 2243 doctrinam
446 2183 517 2258 legis
532 2183 671 2244 tenebant
685 2189 714 2244 et
727 2190 871 2258 praeterea
891 2185 967 2260 quod
987 2184 1024 2245 ab
1041 2185 1087 2244 his
1107 2201 1161 2260 pro
1181 2177 1325 2243 hereticis
1343 2178 1368 2232 tt

208 2288 406 2350 seductoribus
426 2289 615 2365 haberentur,
639 2291 713 2350 sicut
733 2296 762 2349 et
782 2292 873 2367 ipsum
889 2290 1033 2351 dominum
1047 2289 1232 2352 seductorem
1247 2283 1365 2346 nomint·

206 2392 277 2454 bant
292 2402 344 2456 etc.
377 2395 569 2456 Ooncionatus
584 2402 628 2456 est
643 2401 738 2456 autem
754 2396 791 2456 de
805 2397 850 2455 his
864 2391 967 2470 multa,
991 2411 1055 2470 que
1075 2395 1122 2453 hic
1140 2389 1314 2455 ascribenda
1330 2381 1366 2442 fe

205 2506 280 2562 rent.
312 2501 369 2562 Sed
384 2501 456 2564 adeo
472 2502 591 2563 subinde
606 2501 767 2578 perturbati
782 2502 866 2562 modo
881 2501 918 2562 ab
933 2501 997 2560 aliis
1013 2515 1120 2575 sumus,
1142 2503 1176 2559 ut
1194 2513 1272 2575 pene
1291 2488 1363 2552 nobis

205 2607 374 2669 exciderint.
1090 2687 1097 2694 Ι

293 2709 416 2773 Domine
435 2713 520 2787 iesu,
546 2714 595 2787 qui
615 2712 744 2773 veritatis
766 2710 961 2772 contestandae
982 2715 1012 2772 et
1032 2705 1138 2772 nostras
1157 2711 1260 2770 salutis
1280 2699 1365 2779 greti*

206 2819 302 2877 omnia
316 2815 346 2877 in
360 2819 415 2876 hoo
430 2818 537 2878 mundo
552 2817 705 2892 pertulisti,
722 2818 760 2876 da
774 2817 934 2901 nobiseum
948 2821 1086 2890 mentem,
1110 2821 1143 2876 ut
1157 2821 1187 2876 ct
1200 2826 1259 2876 nos
1271 2808 1364 2870 cunm
1441 2799 1442 2836 ἶ

206 2923 328 2981 adversa
343 2927 462 2996 propter
476 2922 598 2982 nominis
613 2923 656 2980 tui
670 2922 791 2995 gloriam
802 2924 946 2994 patienter
955 2919 1142 2996 perferamus,
1157 2923 1282 2980 scientes
1296 2904 1364 2986 quod
1441 2909 1442 2984 l

205 3023 289 3082 nobis
304 3024 418 3084 dederis
433 3025 591 3097 exemplum
607 3040 719 3085 erucem
734 3031 862 3086 nostram
877 3026 994 3087 tollendi
1010 3033 1039 3087 et
1060 3026 1199 3101 sequendi
1216 3030 1262 3098 te,
1287 3033 1320 3079 tt
1336 3015 1364 3072 ¹¹3
1441 3009 1442 3016 ἵ

206 3128 235 3186 in
249 3123 451 3188 afflictionibus
466 3128 653 3200 cogitationes
669 3135 782 3188 nostras
796 3128 992 3205 obfirmamus,
1013 3132 1048 3190 iis
1063 3147 1135 3205 quos
1150 3127 1296 3205 discipulis
1313 3117 1364 3179 illi
1441 3197 1442 3200 Ἴ

205 3230 303 3291 dixisti
319 3231 512 3307 sermonibus,
529 3233 649 3292 scilieet:
675 3233 781 3293 Servus
796 3249 855 3294 non
869 3239 913 3295 est
926 3237 1018 3310 maior
1033 3235 1149 3296 domino
1163 3251 1225 3295 suo.
1256 3231 1309 3304 Dr,
1324 3227 1362 3284 iss·

206 3354 305 3413 quam,
326 3338 506 3413 patientiam,
530 3354 588 3414 qua
601 3337 724 3399 adversa
739 3339 834 3398 omnia
848 3356 1029 3416 superemus,
1052 3355 1108 3415 quo
1123 3340 1159 3400 de
1173 3337 1301 3400 bonitate
1318 3335 1363 3388 tua

206 3463 310 3522 magna
324 3447 354 3506 in
369 3444 453 3508 linem
469 3461 559 3521 usque
574 3460 762 3520 perseverare
776 3460 927 3520 queamus,
949 3450 1038 3520 utque
1051 3449 1145 3506 tecum
1166 3437 1361 3519 commeante

206 3557 272 3626 post
286 3554 340 3614 hac
355 3570 469 3630 quoque
483 3558 578 3613 tecum
593 3551 759 3626 regnemus,
782 3551 832 3626 qni
845 3549 918 3612 uiuis
937 3556 967 3610 et
986 3565 1093 3626 regnas
1113 3565 1176 3610 eum
1194 3553 1279 3625 patre
1297 3545 1325 3602 et
1340 3551 1360 3594 Β·

206 3656 308 3728 spiritu
322 3657 352 3714 in
367 3672 450 3718 omne
466 3675 566 3718 aevuro.
590 3657 692 3718 Amen.
1033 3695 1036 3700 -

296 3759 404 3818 Eadem
419 3761 566 3822 Liborium
581 3763 618 3822 ad
633 3762 778 3822 doctorem
799 3759 914 3824 Selium
933 3759 1074 3833 misimus,
1099 3759 1226 3819 audituri
1247 3743 1361 3831 quode
1441 3751 1442 3812 l

207 3861 406 3938 provolutione
425 3865 464 3923 ad
483 3866 599 3924 caesaris
619 3867 708 3938 pedes
729 3873 759 3926 et
776 3867 812 3926 de
831 3865 994 3940 hujusmodi
1013 3863 1100 3925 rebus
1119 3861 1212 3924 fieret.
1250 3860 1302 3936 Qui
1319 3867 1359 3912 r0·
1441 3901 1442 3920 ι

207 3967 331 4042 spondit,
349 3968 405 4028 imo
420 3984 451 4027 se
466 3972 570 4041 putare
585 3970 616 4029 id
631 3985 717 4044 quam
731 3971 853 4030 maxime
868 3969 1004 4045 futurum,
1016 3974 1117 4031 tamen
1131 3967 1273 4043 palliatm
1286 3978 1315 4024 se
1328 3953 1361 4017 ab

207 4073 270 4134 aliis
284 4073 330 4134 uel
343 4072 374 4133 id
388 4074 598 4147 expiscaturum
613 4089 647 4134 ac
665 4075 783 4140 Liborio
802 4075 1003 4136 indicaturum.
1033 4073 1156 4136 Remisit
1175 4087 1288 4149 quoque
1306 4061 1359 4126 Sel·

206 4176 261 4237 dus
274 4179 488 4254 capitulationis
503 4179 661 4254 exemplar,
683 4182 716 4237 ut
729 4195 781 4254 per
802 4184 916 4240 nostms
934 4179 1145 4242 describeretur
1165 4193 1200 4242 ao
1220 4193 1284 4240 mco
1301 4181 1359 4245 ⁸5⁰·

208 4281 319 4356 ssraplna
333 4283 569 4346 subscriberetur.

296 4386 423 4450 Prausos
446 4395 491 4452 est
517 4389 663 4453 nobiseum
685 4387 831 4454 Glassrus.
877 4389 988 4452 &dem
1015 4389 1153 4454 almurus
1175 4395 1205 4452 st
1226 4385 1360 4467 principes
