2948 4902
127 535 225 604 tenet,
250 527 337 590 credo
362 530 526 590 cantionum
548 529 753 588 amator-imum
772 543 830 586 non
852 526 987 588 meminit.
1025 527 1071 587 ile
1086 530 1194 604 scripto
1208 536 1304 592 temen

128 635 349 710 supplicationis
363 637 439 695 inter
459 651 511 694 uos
533 637 703 694 conventum
718 638 770 692 est.
808 631 981 692 Volebamus
1004 637 1034 692 et
1055 635 1194 708 palatium
1208 633 1302 697 arciri·

128 739 212 799 dume
228 739 326 815 adire,
350 757 450 802 verum
468 740 519 800 ubi
538 737 643 799 frames
659 738 717 798 illic
730 736 821 797 luisse
835 737 1034 813 cognovimus,
1059 755 1307 814 supervacaneum

132 846 217 906 nobis
232 846 325 904 visum
339 852 392 906 cst
616 853 618 856 ·
737 890 739 898 ,

220 947 363 1024 Georgius
383 950 566 1023 cblolsbnrg
585 950 616 1008 iu
639 948 779 1010 dominico
798 948 970 1022 Augustano
991 965 1043 1010 uos
1064 951 1213 1026 reperiam
1233 968 1303 1013 non·

128 1055 210 1114 nulla
225 1054 261 1114 de
275 1056 421 1129 responsis
436 1060 564 1115 noemam
578 1055 737 1128 principem
750 1053 987 1116 concernentibus
1002 1055 1119 1132 detexit,
1140 1057 1193 1116 sed
1207 1058 1305 1117 omnia

4 1245 5 1252 ἵ
128 1140 192 1218 iere
207 1157 402 1232 amphibolice
416 1167 511 1220 ercet.

220 1263 331 1324 Eadem
345 1265 516 1325 honustus
530 1264 769 1342 Mouastcriensis
784 1264 890 1335 presul
905 1261 942 1323 ad
956 1262 976 1321 J
977 1279 1098 1324 oannem
1114 1270 1144 1324 et
1158 1264 1303 1324 Eubulum

129 1369 250 1428 comites
264 1368 363 1428 litores
378 1369 473 1444 (ledit,
490 1371 597 1429 certior
609 1367 674 1428 lieri
689 1368 806 1441 cupiens
821 1368 857 1426 de
879 1372 957 1428 statu
970 1384 1068 1428 rerum
1083 1375 1256 1442 nosmarum,
1273 1377 1304 1430 et

130 1489 218 1547 quem
243 1473 435 1534 conditionem
455 1481 582 1536 nostram
602 1473 727 1546 doleret,
749 1471 926 1547 signiticanm
948 1474 1063 1534 interim
1077 1489 1109 1534 se
1122 1471 1254 1548 offerens,
1277 1475 1303 1532 si

130 1593 191 1650 qua
204 1579 253 1638 via
265 1579 328 1652 ipse
342 1593 394 1638 noe
405 1579 508 1662 juvare
522 1585 629 1655 posset.
667 1577 736 1638 Otto
750 1593 844 1638 eomes
859 1595 877 1638 a
890 1578 1038 1654 Retbberg
1052 1579 1199 1639 uobiscum
1214 1594 1301 1653 pron·

129 1698 180 1740 aus
196 1687 250 1742 cst.

220 1785 249 1845 A
262 1787 384 1862 prandio
398 1789 527 1850 loannes
548 1767 640 1849 irater
663 1795 762 1850 noster
776 1794 805 1850 et
818 1789 965 1850 Adrianus
980 1804 998 1847 a
1014 1788 1135 1852 Zertzen
1149 1790 1302 1849 electorem

129 1889 304 1955 Maufitium
323 1893 446 1967 adeum,
466 1898 603 1968 rogantes
623 1898 655 1952 ut
675 1911 728 1956 nos
751 1893 830 1970 cpnd
847 1910 1002 1955 cesaream
1024 1894 1201 1968 majestatem
1224 1907 1300 1954 com·

129 1997 284 2058 mendatos
297 1998 404 2058 bebere
419 1999 520 2073 vellet,
547 2003 577 2058 ct
591 1999 792 2076 intercedere.
802 2006 836 2060 ut
848 2000 898 2060 ira·
909 1999 1032 2058 Oaescris
1047 1999 1077 2058 in
1092 2016 1144 2060 nos
1159 1999 1303 2074 mitigare·

129 2107 190 2176 tur,
206 2101 355 2176 sicutipse
369 2101 524 2163 Mauritius
538 2109 624 2164 antea
638 2121 670 2163 se
684 2103 827 2166 securum
841 2108 999 2178 receperat,
1016 2119 1080 2162 cum
1094 2103 1171 2164 idem
1185 2117 1204 2164 a
1218 2102 1301 2162 nobis

130 2210 289 2278 peteretur.
325 2206 363 2279 is,
380 2207 454 2265 utbi
470 2206 530 2266 duc
542 2209 626 2268 nobis
639 2211 816 2284 retulerunt,
841 2225 872 2268 se
892 2207 1004 2268 facilem
1026 2209 1158 2281 prebuit.
1195 2209 1302 2268 Verum

130 2315 199 2385 post
216 2311 318 2386 longas
339 2312 490 2372 verborum
512 2313 647 2388 ambages
665 2314 772 2389 jussit·
784 2320 915 2376 utomne
935 2313 1082 2386 negotium
1104 2313 1211 2372 chamis
1225 2328 1302 2371 com-

7 2429 8 2434 *
131 2415 318 2476 mitteremus.
352 2415 428 2476 Nem
444 2417 530 2478 bodie
546 2417 582 2477 etl
597 2420 776 2492 vespertinas
791 2433 905 2493 preces,
928 2418 974 2480 vel
989 2417 1115 2476 crastino
1130 2416 1230 2476 saltem
1245 2432 1307 2474 una

131 2537 197 2580 cum
212 2521 365 2584 archiduce
377 2519 506 2582 Austrioe
529 2529 559 2583 et
579 2524 704 2582 electore
718 2523 997 2597 Brandeuburgense
1017 2521 1110 2582 nostri
1124 2537 1211 2580 causa
1225 2517 1303 2594 apud

132 2625 278 2686 erem
291 2627 465 2688 institurum.

222 2733 257 2791 ln
276 2734 374 2808 vigilia
393 2735 574 2808 pentecostes
593 2732 624 2790 ln
647 2727 787 2792 dominico
809 2716 939 2792 cauomci
960 2746 1040 2792 mere
1064 2747 1116 2792 suo
1138 2729 1304 2804 reboatum,

132 2837 187 2899 sed
200 2839 249 2899 six
263 2840 364 2913 vigim
386 2839 517 2898 homiues
536 2835 612 2908 frugi
628 2852 727 2896 eorum
741 2834 912 2896 festivitates
933 2833 1163 2910 frequentarunt.
1193 2835 1305 2896 Eadem

132 2943 163 3002 in
178 2944 291 3015 porticu
307 2941 440 3010 dominici
454 2941 576 3002 vidimus
600 2941 742 3014 depictum
758 2941 940 3002 simulacrum
955 2942 1126 3003 ambitionis.
1165 2941 1239 3002 Erat
1253 2957 1303 3002 au·

132 3043 267 3106 temlero
282 3046 421 3120 ejusmodi
430 3037 557 3120 pictura.
580 3047 670 3120 Virgo
686 3046 790 3106 buccas
804 3045 919 3106 inflatas
929 3052 958 3106 ct
972 3047 1077 3108 rubeas
1091 3048 1209 3122 habens,
1226 3052 1306 3106 veste

7 3181 9 3186 v
132 3149 256 3212 violacei
270 3151 373 3211 coloris
389 3150 498 3226 ineam,
519 3151 612 3224 capite
627 3151 713 3226 nude,
735 3153 853 3212 caesarie
866 3139 942 3214 flava
956 3158 987 3214 et
1008 3154 1153 3226 crispante
1167 3153 1197 3212 in
1213 3153 1304 3212 cervi·

7 3249 9 3324 ἷ
134 3271 197 3316 cem
211 3259 332 3331 retorta,
348 3257 438 3316 oculis
453 3257 579 3329 undiquc
593 3257 885 3330 circumspicientibus
905 3259 1018 3332 stipsis
1032 3257 1123 3332 limis,
1143 3257 1242 3318 subter
1256 3273 1303 3314 ar·

133 3361 235 3421 berem
249 3361 369 3436 sedens,
393 3361 478 3422 tibias
500 3365 531 3420 et
543 3361 701 3434 pedetenus
715 3361 808 3436 nude,
828 3379 916 3438 super
929 3367 1016 3436 caput
1030 3362 1167 3434 scriptum
1181 3359 1307 3420 babebet

94 3525 98 3531 ,
135 3468 257 3541 gloriam
277 3473 307 3526 ct
324 3467 479 3540 honorem,
503 3483 519 3525 e
535 3467 652 3538 regione
667 3470 764 3526 cutem
779 3465 823 3527 sui
837 3465 956 3524 verbum
970 3464 1083 3524 Ambio.
1120 3463 1194 3522 Erat
1208 3465 1305 3520 autem

134 3573 223 3631 mitra
244 3572 416 3647 episcopalis
436 3571 558 3645 alonge
578 3572 682 3645 posite.
720 3568 880 3629 Videbatur
902 3568 997 3628 cutem
1011 3568 1067 3628 hoc
1081 3567 1262 3627 simulacrum
1277 3565 1307 3626 id

136 3675 277 3736 dammare
291 3675 375 3751 hujus
390 3677 527 3749 temporis
542 3680 575 3733 ut
589 3676 692 3734 vocent
706 3672 869 3746 spirituales
883 3672 956 3732 nibil
974 3672 1083 3738 ambire
1097 3677 1203 3748 preto·
1217 3671 1305 3746 glori·

137 3795 184 3838 am
199 3784 229 3840 et
243 3781 383 3842 bonorem
396 3781 494 3841 mundi
508 3785 539 3838 et
552 3777 728 3853 episcopales
743 3793 822 3852 opes,
839 3794 897 3838 non
912 3793 1010 3851 opera.

225 3886 337 3948 Eadem
356 3888 471 3961 conjugi
492 3885 612 3958 hospitis
634 3884 768 3957 Magistri
788 3883 869 3942 Flori
892 3883 1076 3944 Mareellinos
1096 3897 1148 3944 sex
1168 3882 1309 3954 dommus„

138 4005 194 4064 quo
210 3990 375 4066 timeamus
390 3992 452 4065 ejnss
468 4005 566 4050 curam
580 3990 708 4050 baberet.
746 3988 821 4048 Nam
843 3992 873 4048 et
886 4005 960 4063 puer
979 4005 1093 4063 quoque
1107 3987 1218 4048 Libcrii
1231 4000 1309 4045 mor-

138 4094 204 4156 bum
218 4097 316 4156 emec
332 4113 416 4170 quem
430 4095 580 4159 inciderat.

226 4201 337 4262 Eadem
358 4203 501 4276 principes
525 4200 586 4262 lere
607 4217 705 4260 omncs
726 4199 891 4260 cesariams
910 4203 941 4258 et
958 4198 1046 4273 regiis
1068 4194 1196 4270 vesperis
1219 4193 1308 4252 inter·

139 4302 229 4380 inere,
244 4308 335 4382 magis
350 4307 524 4368 adulatoriis
540 4322 625 4379 quem
639 4306 800 4366 devotionis
814 4319 893 4377 ergo.

228 4410 338 4472 Mem
352 4411 522 4485 supplicatio
538 4410 583 4485 (ut
597 4404 712 4481 vocent)
735 4413 835 4468 noema
848 4405 970 4466 ccucflie
985 4403 1128 4479 imperiali
1142 4401 1241 4463 oblate
1255 4405 1308 4460 est.

1042 4511 1060 4566 7
1078 4507 1095 4541 lb
