2966 4900
716 316 781 382 245

250 502 299 576 xxj
315 501 385 562 Julii
401 499 623 572 Oreutzbergam
643 496 804 570 linquentes
829 499 859 557 ln
874 495 982 574 Oappel
1004 502 1103 576 pransi
1119 508 1148 564 et
1161 501 1267 563 ibidem
1283 505 1333 564 Jo-

158 621 265 666 aunem
282 607 364 667 nobis
380 624 398 666 a
412 605 533 680 pedibus
549 603 724 664 WaldecIam
739 605 938 678 premisimus.

251 711 399 786 Propitius
415 717 476 770 esto
491 727 579 784 super
594 710 671 768 omui
685 710 844 784 commisso,
861 727 878 769 o
894 709 1016 769 domiue.

251 815 278 874 A
293 816 417 890 prandio
431 814 590 874 Bischnsen
604 831 700 874 arcem
715 815 851 874 nobilium
866 832 884 874 a
898 815 1052 892 Boneburg
1073 822 1102 876 et
1116 818 1188 876 alias
1203 833 1284 878 arces
1300 837 1335 877 ac

157 935 252 995 pagos
266 925 475 994 praetereuntes
490 920 544 979 sub
560 921 709 994 septimam
723 921 813 979 noctis
822 920 1073 996 spangenbergam
1087 928 1213 981 veterem
1229 922 1256 981 d.
1271 924 1332 982 Eli-

158 1025 293 1085 zabethae
309 1025 405 1084 sedem
420 1025 570 1099 intramus,
588 1041 652 1083 cum
667 1025 752 1099 paulo
767 1030 834 1084 ante
849 1026 1002 1085 adventum
1018 1032 1148 1086 nostrum
1163 1027 1334 1102 liudolphus

159 1129 294 1189 Scheuck
317 1132 409 1190 locum
432 1135 533 1190 tenens
558 1135 587 1189 et
605 1129 728 1187 vicariurs
753 1131 912 1189 Hessorum
936 1132 1073 1204 principis
1098 1131 1246 1191 Cassiliam
1267 1134 1334 1192 hinc

159 1235 261 1294 abiens
276 1236 408 1308 petierat.
447 1233 590 1294 Adfuerat
609 1233 713 1293 ibidem
729 1235 865 1308 principis
887 1216 979 1294 nostri
993 1235 1143 1308 chirurgus
1159 1237 1266 1296 Paulus
1281 1256 1333 1298 no-

157 1341 247 1414 mine,
262 1357 362 1399 rerum
383 1341 408 1399 is
430 1339 502 1398 nihil
517 1340 553 1399 d'e
569 1344 645 1398 statu
660 1355 757 1397 rerum
771 1339 908 1413 priucipis
928 1339 1056 1398 indicare
1070 1340 1210 1414 voluerat,
1235 1342 1332 1402 dicens

159 1461 193 1502 se
206 1445 370 1516 juramento
385 1444 422 1504 ad
437 1446 581 1504 silentium
595 1445 743 1503 astrictum
758 1459 829 1502 esse.

251 1550 310 1622 xxij
327 1551 397 1610 Julii
416 1551 527 1624 precati
547 1565 646 1632 sumus
669 1550 837 1622 magistrum
860 1548 1096 1623 Christophorum
1117 1547 1218 1623 Greiff,
1243 1555 1275 1609 nt
1298 1568 1333 1610 ea

158 1655 217 1727 die,
234 1669 300 1712 nam
315 1653 455 1714 dominice
478 1659 554 1729 erat,
576 1654 664 1714 verbo
680 1654 787 1716 domini
801 1671 853 1712 nos
869 1669 986 1726 pascere
1010 1653 1191 1728 dignaretur,
1214 1657 1263 1727 qui
1278 1656 1331 1715 sub

149 1761 302 1833 'quartam
319 1766 470 1832 postquem
485 1760 675 1834 illucesceret,
696 1762 734 1820 ad
748 1759 901 1833 hospitium
916 1765 1045 1819 nostrum
1060 1761 1152 1833 veuit,
1183 1760 1287 1820 ibidem
1302 1762 1332 1820 in

159 1861 291 1923 inferiori
304 1864 507 1939 hybernaculo,
523 1865 603 1939 prius
618 1866 749 1924 invocato
765 1864 851 1924 divini
866 1866 990 1923 numinis
1005 1865 1120 1939 euussio,
1136 1867 1208 1940 legit
1221 1870 1330 1924 textum

159 1969 302 2043 evangelii
316 1968 450 2028 Matthaei
466 1973 502 2028 7:
527 1969 632 2030 darete
652 1970 733 2030 vobis
752 1987 770 2030 a
789 1970 1062 2045 pseudoprophetis,
1087 1970 1136 2043 qui
1159 1973 1277 2030 vertunt
1291 1970 1329 2030 ad

158 2089 212 2132 vos
227 2073 256 2130 in
271 2074 447 2133 vestimentis
463 2075 557 2133 ouium
573 2080 641 2149 ete,
666 2079 803 2134 attextus
821 2077 1031 2134 enarrationem
1047 2081 1214 2148 prosecutus
1230 2081 1283 2148 est,
1301 2080 1330 2133 et

160 2193 325 2254 quanquam
347 2181 440 2252 prima
460 2183 493 2237 ut
513 2178 672 2253 apparebat
693 2178 767 2238 facie
785 2181 898 2254 longius
918 2185 1031 2238 atextu
1047 2178 1158 2253 digredi
1172 2180 1328 2255 videretur,

159 2288 257 2342 tamen
278 2285 321 2343 ita
340 2283 523 2342 concinnatus
550 2289 607 2358 est,
630 2289 664 2342 ut
687 2301 718 2343 se
739 2289 768 2343 et
789 2285 900 2356 prolixe
925 2289 954 2342 et
978 2284 1103 2343 breviter
1125 2282 1220 2342 dicere
1246 2302 1330 2356 posse

162 2387 327 2448 ostenderet
340 2404 394 2447 uec
409 2389 523 2462 pletatis
538 2392 589 2448 aut
603 2386 763 2446 litterarum
777 2389 895 2462 ignarus
910 2386 1010 2447 haberi
1025 2390 1130 2459 posset.
1169 2387 1331 2448 Christiane

161 2496 194 2576 et
207 2494 288 2553 docte
303 2495 470 2568 religionem
484 2498 612 2553 nostram
627 2498 727 2552 contra
741 2509 855 2567 papam,
873 2508 956 2566 quem
976 2493 1146 2552 monachum
1161 2493 1287 2551 italicum
1303 2499 1332 2551 et

160 2597 269 2657 idolum
284 2603 407 2657 stantem
422 2600 452 2656 in
466 2600 529 2658 loco
544 2597 762 2658 abominationis
778 2597 973 2670 appendebat,
988 2595 1150 2656 defensans.
1179 2597 1219 2654 Et
1234 2597 1270 2655 de
1286 2601 1329 2656 in-

160 2703 244 2761 terim
258 2701 308 2760 illo
322 2703 364 2761 ita
378 2704 558 2777 loquebatur,
582 2709 615 2762 ut
628 2702 699 2762 illud
713 2701 797 2760 facile
813 2702 896 2774 quale
912 2703 949 2761 sit
963 2701 1112 2760 dinoscere
1127 2702 1252 2776 doceret,
1276 2702 1327 2761 ad-

157 2807 259 2880 jiciens
273 2807 328 2867 hoo
343 2810 543 2882 epiphonema:
567 2807 681 2867 Nullius
703 2823 765 2865 esse
785 2807 815 2864 iu
837 2811 981 2879 potestate
996 2795 1136 2866 creaturae
1155 2822 1244 2865 novos
1260 2808 1329 2866 arti-

162 2913 241 2970 culos
256 2910 323 2971 fidei
338 2913 384 2973 vel
398 2913 522 2973 condere
537 2914 583 2972 vel
598 2913 729 2972 conditos
745 2915 904 2972 immutare.
943 2913 1018 2970 Nam
1035 2911 1164 2971 Christus
1186 2912 1331 2986 apostolos

160 3017 238 3090 ipsos
254 3018 346 3076 voluit
359 3023 447 3078 testes
463 3023 491 3077 et
507 3016 636 3078 doctores
659 3033 757 3077 eorum
777 3035 856 3094 esse,
871 3033 935 3093 quae
951 3017 987 3078 ab
1007 3019 1070 3092 ipso
1086 3012 1200 3077 domino
1216 3016 1331 3077 audive-

161 3125 265 3183 reraut
286 3126 316 3182 et
339 3125 400 3196 ipse
423 3139 471 3183 eos
494 3124 644 3198 docuerat,
665 3140 722 3183 uon
737 3141 876 3184 noverum
890 3125 985 3198 legum
1000 3124 1171 3183 coudItores.
1210 3124 1332 3197 Insuper

160 3226 250 3302 digito
265 3229 447 3301 monstravit,
469 3230 519 3302 qui
533 3228 563 3287 hi
579 3234 674 3289 essent
687 3231 748 3304 lupi
761 3245 895 3303 rapaces,
917 3244 980 3302 quae
995 3228 1078 3287 bonae
1098 3228 1216 3286 arbores
1232 3243 1266 3284 ao
1281 3228 1331 3298 qui

160 3333 301 3391 malarum
320 3331 438 3391 fruetus.
477 3334 550 3392 Item
570 3333 648 3406 quod
669 3335 729 3394 sola
745 3332 803 3394 fide
821 3336 852 3393 in
867 3332 1010 3391 Christum
1033 3332 1218 3389 salvaremur.
1256 3331 1329 3388 Item

161 3454 247 3510 quam
263 3439 377 3497 sinistre
400 3439 521 3512 papistae
542 3437 690 3497 inferuahs
712 3438 844 3497 draconis
859 3433 984 3510 squamae
999 3433 1084 3518 fidem
1098 3432 1174 3492 hauc
1187 3434 1328 3506 interpre-

160 3547 300 3601 tarentur.
339 3543 471 3617 Denique
491 3543 551 3601 sive
575 3548 673 3615 antea,
699 3541 758 3599 sive
778 3544 892 3615 postea,
919 3541 979 3598 sive
1003 3539 1117 3596 interim
1137 3537 1329 3609 quidcoutra

160 3648 330 3722 scripturam
352 3654 380 3708 et
399 3663 497 3707 veram
517 3646 685 3719 religionem
701 3645 834 3704 Sathanee
856 3645 978 3703 venatici
993 3659 1078 3702 canes
1093 3643 1262 3702 molirentur
1277 3659 1328 3704 nos

160 3753 237 3826 ipsos
252 3750 308 3811 fide
324 3757 353 3810 et
374 3753 468 3826 grathe
484 3751 590 3812 Christi
615 3749 798 3812 obfirmantes
820 3750 964 3823 patienter
983 3749 1078 3809 omnia
1094 3747 1200 3809 Christi
1214 3751 1329 3809 nomine

160 3855 337 3930 perferemus
361 3857 432 3930 certi
452 3871 504 3915 uos
524 3858 610 3916 etiam
626 3857 719 3917 denuo
735 3857 822 3916 ethis
837 3857 918 3916 vIctis
932 3856 1011 3930 apud
1025 3855 1168 3915 Christum
1185 3855 1329 3914 dominum

161 3967 292 4020 nostrum
311 3961 534 4034 triumphatores
555 3962 691 4036 existere,
715 3963 799 4022 modo
819 3963 849 4021 In
864 3963 925 4035 eJus
942 3961 1118 4022 confessione
1133 3959 1327 4032 persistemus.

162 4051 245 4138 Quod
260 4066 342 4125 nobis
358 4069 388 4124 et
401 4065 501 4141 largtri
516 4071 545 4126 et
559 4082 611 4126 nos
627 4083 797 4127 conservare
811 4067 944 4142 dignetur
959 4065 1088 4125 Christus
1102 4062 1121 4120 J
1123 4079 1196 4121 esus.
1225 4061 1327 4120 Amen.

249 4171 381 4230 Eundem
402 4171 567 4232 donavimus
588 4173 694 4246 scripto
710 4171 836 4247 Philippi
850 4169 1053 4242 Melanthonis,
1076 4167 1146 4240 quid
1159 4167 1202 4225 illi
1215 4167 1327 4227 videre-

145 4280 207 4335 tur
224 4259 260 4333 de
275 4274 457 4334 interimente
471 4276 601 4350 iuterim,
618 4281 647 4335 et
661 4280 812 4352 pecuniam
827 4277 865 4336 ad
882 4271 1110 4350 locupletandam
1125 4271 1329 4346 supellectilem

159 4366 298 4440 llbrorum
312 4379 449 4453 impertiti
464 4395 570 4440 sumus.
