2966 4900
736 329 809 394 2441

189 509 250 572 iere
265 510 319 570 sub
334 515 526 588 noctemcum
540 507 600 570 filie
613 509 738 570 Aemilio
747 507 976 572 Granichfeldem
990 510 1222 587 ndelpurgim
1234 525 1349 570 sororem

191 633 272 676 suem
287 617 368 676 obiit.

279 721 402 782 Gothum
420 721 475 782 sub
496 721 643 794 septimam
667 722 759 780 noctis
781 721 963 795 pervenimus
987 722 1123 798 hospitati
1146 721 1181 780 in'
1201 719 1310 780 fumoso
1329 725 1355 780 et

189 827 296 888 rustico
310 827 443 901 hospitio.
468 827 569 886 Gothae
585 825 673 887 Ottho
689 843 707 886 e
723 826 833 886 Sebech
847 827 940 886 Annee
955 825 1046 888 ircter
1060 825 1173 887 ederat.

278 951 316 992 xx
330 934 401 992 Julii
421 931 522 991 Gothae
548 933 580 990 in
604 932 734 992 coenobio
753 932 1007 1006 Augustinensium
1035 932 1194 1006 quendem,
1226 930 1276 1004 qui
1297 929 1356 990 olim

189 1037 317 1109 ejusdem
331 1036 456 1096 coenobii
469 1036 624 1096 monachus
639 1035 744 1112 fureret,
761 1053 796 1095 ex
811 1052 873 1110 cop.
893 1040 932 1096 17
948 1036 1048 1098 Actor.
1063 1039 1229 1098 audirimus
1246 1035 1282 1095 de
1295 1050 1355 1108 pro·

189 1137 312 1200 sectione
327 1141 411 1200 Pauli
426 1146 456 1201 et
471 1142 537 1202 silae
553 1159 589 1201 ex
611 1141 752 1216 Philippis
774 1143 805 1202 in
820 1142 1043 1202 Thessalonicen
1063 1147 1093 1202 et
1106 1158 1173 1216 quae
1195 1143 1235 1200 sit
1249 1139 1357 1200 fortune

189 1243 384 1318 profitentium
404 1248 569 1322 veritatem,
594 1252 624 1306 et
637 1263 701 1321 qnae
716 1245 804 1306 iuuerit
819 1250 981 1307 constantio
994 1249 1094 1322 Pauli,
1119 1249 1168 1321 qui
1191 1263 1249 1306 nec
1268 1244 1357 1306 veleb

189 1350 290 1425 plegus
305 1352 351 1410 vel
364 1353 484 1426 injurios
500 1352 640 1427 Philippis
660 1357 793 1425 acceptos
813 1358 926 1413 erecto
943 1352 1090 1413 discedere
1113 1357 1165 1412 eut
1180 1350 1357 1442 praedicatio

189 1471 255 1514 nem
270 1458 410 1531 evangelii
424 1458 586 1531 relinquere
599 1457 730 1517 voluerit.
769 1459 842 1517 Item
857 1459 959 1532 quibus
979 1459 1116 1519 derebus
1138 1463 1168 1517 et
1185 1457 1289 1530 quanti
1304 1468 1358 1512 mo·

189 1563 279 1621 menti
293 1561 465 1637 coluerint,
488 1578 551 1636 quer
567 1562 673 1622 Paulus
692 1563 769 1634 opud
784 1563 1053 1624 Thessalonicenses
1075 1565 1190 1626 locutus
1206 1563 1254 1622 sit.
1293 1560 1359 1619 Item

189 1667 268 1739 quod
283 1667 348 1725 duee
366 1683 413 1727 res
428 1668 538 1728 Judaeis
560 1668 737 1742 obstiterint,
759 1668 909 1741 quominus
924 1665 1011 1728 fidem
1026 1670 1125 1728 christi
1139 1671 1296 1742 acceptare
1310 1678 1358 1739 po·
1466 1703 1467 1708 κ

188 1773 310 1846 tuerint,
326 1788 385 1830 une
400 1773 478 1845 quod
492 1767 622 1848 neglecto
638 1773 745 1832 christo
765 1789 817 1846 per
838 1789 926 1847 opero
945 1773 1017 1848 legis
1037 1780 1067 1834 et
1085 1791 1137 1834 suo
1156 1773 1314 1834 sedulitate
1332 1773 1359 1826 et
1466 1773 1467 1788 ³

188 1877 297 1934 meritis
307 1892 338 1935 se
348 1893 434 1950 posse
444 1878 548 1937 selvmi
563 1877 617 1937 sibi
627 1878 698 1952 ipsis
707 1894 875 1953 persuasum
883 1877 1037 1953 heberent3
1053 1880 1146 1940 nitere
1156 1879 1239 1954 qnod
1254 1874 1357 1946 christi,

189 1981 239 2052 qui
251 1996 338 2039 verus
354 1986 417 2040 eret
432 1985 462 2040 et
475 1986 520 2041 est
533 1981 669 2056 Messias,
693 1984 825 2044 dominus
849 1989 879 2044 et
898 2000 950 2043 rex
970 1982 1075 2044 inferni
1089 1983 1193 2043 mortis
1209 1988 1241 2042 et
1256 1977 1358 2042 dioboli
1466 1991 1467 1996 ¹

187 2100 242 2156 pro
256 2084 338 2144 nobis
355 2085 473 2159 devicti,
495 2101 617 2160 regnum
630 2091 777 2148 terrenum
792 2089 983 2163 quesierunt,
1009 2094 1039 2148 et
1052 2089 1100 2148 hic
1113 2094 1218 2148 nostro
1232 2094 1358 2158 tempore

187 2189 225 2247 nd
239 2189 387 2263 praeterite
401 2188 568 2250 Judaeornm
583 2192 711 2252 contulit.
744 2192 981 2275 Conquerebetur
996 2209 1110 2267 qnoque
1125 2197 1243 2253 nostros
1258 2189 1354 2250 edver-

186 2295 278 2354 sarios
300 2311 387 2369 quom
406 2298 571 2371 longissime
592 2279 921 2359 cThesselonicensium
942 2299 1072 2371 exemplo
1096 2299 1208 2372 obesse,
1232 2311 1298 2355 cum
1310 2290 1354 2352 isti

186 2400 224 2474 vi,
241 2416 304 2474 quoe
313 2400 383 2475 ipsis
392 2403 493 2477 pulcre
503 2403 646 2477 videntur,
663 2402 746 2463 nobis
755 2401 910 2463 obtrudere
920 2408 1062 2479 retegunt.
1087 2402 1354 2466 Thessalonicenses

187 2521 255 2565 uero
278 2508 439 2568 scrutandis
454 2509 621 2582 scripturis,
644 2524 682 2567 nn
697 2509 758 2566 haeo
772 2510 814 2568 ite
829 2525 861 2568 se
875 2508 1031 2584 haherent,
1055 2519 1154 2583 quaen
1174 2503 1353 2584 preconibus

187 2610 315 2671 veritatis
330 2613 513 2688 audiverant,
539 2613 653 2673 ueritati
668 2614 844 2674 assenserint
866 2620 919 2674 etc.
964 2616 1027 2675 Nec
1051 2615 1156 2676 oblitus
1170 2613 1227 2675 tuit
1246 2619 1308 2672 tum
1328 2611 1355 2666 el

186 2715 334 2778 honestem
344 2719 515 2778 mentionem
530 2723 560 2778 et
573 2719 698 2780 debitum
709 2719 941 2779 intercessionem
956 2737 1009 2794 pro
1020 2720 1228 2794 gloriosissimo
1244 2719 1354 2780 Jocnne

189 2821 314 2882 electore
330 2827 383 2882 eto.
399 2821 504 2884 iecere.

275 2927 351 2987 Dein
366 2933 480 3002 sumpto
497 2928 643 3000 jentaculo
659 2927 881 3002 Creutzbergem
904 2929 1046 2988 tendimus
1061 2930 1114 2990 suh
1130 2928 1288 2989 secundem
1302 2939 1351 2999 po·

186 3030 375 3089 meridianam
389 3049 423 3092 eo
438 3034 647 3106 pervenientes.
686 3032 827 3108 Georgius
841 3049 860 3092 c
874 3032 1005 3094 Horstell
1023 3035 1188 3109 capitaneus
1206 3035 1285 3095 ercis
1299 3042 1353 3090 uon
1464 3093 1465 3098 γ

186 3133 297 3194 ederet.
1464 3129 1465 3142 ¹

276 3239 421 3315 comperti
439 3256 535 3300 sumus
549 3238 689 3301 lodocum
710 3242 859 3304 Schonhur
873 3243 1101 3306 Corbochinnum
1120 3246 1238 3319 nuptias
1258 3245 1289 3302 in
1303 3255 1351 3300 no·

187 3353 248 3407 stro
275 3347 398 3422 hospitio
422 3346 556 3407 hebnisse
585 3363 619 3406 ec
646 3348 762 3408 viduum
789 3351 957 3409 mercatoris
988 3349 1095 3411 ibidem
1121 3351 1152 3409 in
1179 3346 1351 3416 Oreutmerss

188 3453 311 3515 dumoso.
348 3454 408 3530 Ipsi
422 3470 536 3530 quoque
549 3453 626 3514 huno
643 3453 787 3514 hominem
801 3460 831 3514 et
845 3453 966 3514 vidimus
986 3459 1016 3516 et
1037 3455 1174 3516 nonnullo
1188 3455 1226 3516 eb
1240 3450 1351 3518 enemi-

186 3575 257 3618 mus.

273 3662 301 3721 A
315 3679 398 3725 coeno
412 3666 443 3724 in
456 3666 555 3727 hortos
570 3682 636 3726 suos
645 3666 757 3728 Werroe
771 3663 881 3724 flumini
896 3661 1062 3737 adjacentes
1077 3669 1108 3724 et
1122 3660 1345 3745 vinetiserhori·
1463 3639 1464 3698 ἶ

185 3764 239 3823 bus
253 3765 320 3822 muli
335 3773 365 3824 et
379 3771 470 3828 cerosi
492 3772 618 3845 undique
640 3772 765 3835 consitos
787 3768 891 3842 hospes
911 3784 1029 3829 uxorem
1052 3773 1181 3830 nostram
1196 3774 1225 3828 et
1239 3785 1292 3830 nos
1306 3780 1349 3826 ce·

186 3873 264 3932 teres
279 3867 406 3930 deduxit.

274 3977 370 4038 Urnes
407 3980 472 4036 octo
507 3994 648 4038 mensurae
680 3978 930 4054 Oreutrbergensis
968 3995 1032 4038 cum
1066 3995 1135 4040 rese
1164 3979 1242 4052 ejus,
1278 3969 1350 4050 quod

186 4081 229 4140 illi
251 4082 384 4156 prouenit
402 4082 476 4158 viui,
507 4100 561 4157 pro
590 4097 693 4143 novem
716 4084 836 4144 theleris
859 4085 953 4144 minus
980 4082 1142 4158 quindecim
1167 4083 1258 4146 battis
1284 4078 1346 4142 emi·

186 4201 259 4244 mus.

275 4290 420 4368 Hospiteti
439 4292 542 4353 fuimus
561 4291 763 4368 Oreutzbergue
784 4291 863 4367 opud
883 4295 1028 4356 consulem
1041 4295 1197 4370 loannem,
1211 4291 1348 4354 hominem

185 4393 270 4472 frugi,
286 4398 336 4471 qui
350 4412 414 4460 cum
428 4414 518 4461 uxore
533 4399 663 4464 omnibus
678 4398 761 4463 bouis
776 4396 850 4460 bene
865 4398 943 4462 uelit.
1027 4415 1029 4420 ·
