3028 4894
707 305 809 394 ιι,

229 489 340 550 Eadem
354 485 500 548 Adrianus
520 487 675 549 azertnen
695 490 725 548 et
738 501 833 549 eomes
852 487 1012 565 allassau,
1037 503 1110 564 quos
1130 489 1314 567 sperabamus

141 593 288 656 nobiscum
307 595 345 657 ad
364 595 476 655 consilii
493 594 586 654 locum
604 591 708 655 adduci
725 609 824 670 posse,
845 593 884 656 ad
902 595 990 656 horas
1010 596 1121 671 aliquot
1141 597 1173 658 in
1191 596 1314 672 bospitio

141 715 200 760 non
216 706 282 762 sunt
294 701 413 776 reperti.
1006 691 1010 701 “

229 806 314 867 Nota.
353 805 490 866 Comitem
509 803 545 864 de
559 803 674 864 Nassau
693 820 747 878 per
765 803 952 866 Melchiorem
966 804 1080 867 Lindon
1099 806 1183 868 nobis
1204 806 1312 884 signifi-

140 925 230 985 casse,
245 909 301 972 hoc
315 911 362 972 dic
377 910 459 972 nobis
473 908 671 970 coloniensem
682 910 753 970 nibil
769 910 948 972 obstiturum.
970 909 1026 972 Ast
1039 919 1106 986 post
1118 915 1314 989 sesquiboram

140 1017 219 1090 quod
233 1017 423 1092 subscriptum
438 1023 495 1092 est,
511 1031 680 1092 responsum
693 1019 863 1093 accepimus.

227 1122 309 1181 Misit
326 1139 420 1183 comes
439 1139 458 1182 a
470 1123 586 1182 Nassau
600 1124 767 1198 magistrum
781 1123 965 1184 Wilhelmum
985 1123 1028 1183 illi
1042 1140 1061 1184 a
1075 1127 1192 1187 secretis
1207 1127 1246 1187 ad
1259 1127 1311 1188 ho-

139 1229 255 1304 spitium
271 1233 413 1302 nostrum,
429 1234 461 1287 ut
475 1243 526 1288 suo
541 1229 656 1288 nomine
671 1229 754 1289 nobis
769 1227 920 1304 indicaret,
938 1228 1136 1292 Coloniensem
1150 1231 1261 1292 misisse
1275 1233 1313 1293 ad

138 1334 233 1407 ipsum
246 1333 377 1393 comitem
390 1333 421 1392 in
436 1331 512 1392 aedes
526 1333 656 1408 magistri
669 1335 807 1394 teutonici
822 1335 1016 1394 consiliarium
1030 1335 1187 1411 quendam,
1207 1337 1258 1410 qui
1271 1337 1314 1396 illi

138 1437 194 1496 boc
207 1453 376 1513 responsum
394 1453 448 1499 nos
468 1452 643 1498 concernens
659 1438 811 1498 attmisset.
850 1439 992 1513 Quoniam
1005 1439 1092 1502 hodie
1110 1441 1248 1503 terminus
1265 1442 1311 1516 sit,

140 1541 339 1604 coloniensem
351 1543 517 1604 mandatum
533 1543 646 1617 quidem
660 1544 881 1620 producturum,
904 1547 955 1606 sed
970 1563 1021 1622 spe
1037 1547 1129 1606 solum
1143 1547 1311 1622 concordie,

138 1647 261 1726 honest,
281 1650 305 1708 si
320 1665 367 1708 res
381 1664 434 1722 per
449 1652 580 1710 amicitiae
596 1651 672 1712 dom
686 1651 761 1711 inter
775 1667 828 1710 nos
842 1653 891 1727 agi
904 1669 963 1713 non
979 1658 1095 1727 queant,
1108 1653 1169 1725 juri
1183 1668 1235 1714 sno
1250 1669 1310 1713 ces·

139 1755 211 1814 sisse
225 1769 283 1813 nou
296 1754 437 1830 uideatur,
453 1757 498 1814 sin
513 1756 644 1829 componi
659 1761 773 1830 queant,
789 1771 820 1816 se
836 1758 1033 1819 executionem
1044 1756 1172 1818 mandati
1186 1773 1245 1819 non
1258 1774 1309 1834 pe-

138 1859 265 1920 titurum.
290 1858 314 1918 Ο
328 1859 507 1933 vulpeculam
522 1861 630 1920 vertice
645 1860 787 1934 glabram!

226 1965 266 2024 Et
278 1963 341 2023 haec
355 1979 470 2038 quoque
485 1961 662 2025 coloniensis
677 1966 821 2027 sententia
838 1971 950 2028 ιιιιιιιιι
965 1971 1022 2042 ιιι,
1042 1967 1181 2028 terminus
1197 1983 1310 2044 quoqne

138 2071 339 2132 incrastinum
354 2074 525 2144 protraatns.
781 2083 816 2142 φ

226 2175 263 2234 D.
273 2174 410 2235 Nicotaus
419 2175 514 2235 Maior
528 2175 661 2249 syndicus
678 2180 844 2250 augustanae
856 2176 937 2237 urbis
948 2176 1194 2238 commendatitias
1209 2177 1309 2238 literas

136 2281 219 2343 nobis
233 2282 400 2356 transmisit,
416 2297 488 2374 quas
503 2298 556 2357 pro
571 2298 658 2343 cansa
673 2286 773 2342 nostra
787 2281 824 2342 ad
844 2281 990 2342 doctorem
999 2281 1140 2342 Joannem
1149 2282 1309 2356 Marquard

137 2389 301 2463 scripserat,
317 2385 439 2447 offerens
459 2403 491 2446 ss
505 2388 630 2449 crastino
645 2388 684 2449 ad
697 2387 798 2448 horam
812 2386 941 2462 quintam
954 2401 1007 2447 nos
1021 2392 1236 2448 conventurum.

227 2492 402 2553 (boloniensis
421 2492 459 2569 (si
472 2490 610 2569 creditur)
626 2494 751 2554 crastino
766 2499 848 2554 sexta
862 2494 944 2555 nobis
958 2493 1034 2554 bona
1048 2493 1240 2556 consulturus.

227 2599 328 2672 sesqui
347 2599 472 2673 quinque
493 2603 615 2658 centena
634 2598 724 2659 millia
745 2605 807 2660 τῶν
827 2605 982 2686 κρατηρῶν
1002 2598 1115 2660 Basaro
1136 2605 1166 2661 ιι
1188 2599 1309 2662 antistiti

137 2705 346 2778 quinquaginta
359 2706 417 2764 tria
430 2704 520 2764 millia
534 2704 651 2764 numum
665 2703 826 2778 Augustani
840 2704 1011 2780 panderunt.

225 2811 336 2871 Eadem
349 2799 472 2871 alberto
491 2809 649 2870 marchioni
666 2811 766 2870 literas
786 2810 893 2871 domini
913 2809 949 2872 de
963 2809 1137 2885 Henneberg
1151 2826 1205 2884 per
1217 2809 1307 2869 Joan·

137 2930 203 2974 nem
221 2915 419 2988 Milcblingum
440 2914 576 2974 misimus.
614 2915 651 2974 D.
667 2914 779 2988 Viglius
798 2914 958 2974 Zuiohenus
979 2915 1065 2976 edam
1087 2929 1168 2974 suam
1190 2929 1308 2989 operatu

137 3018 220 3080 nobis
234 3021 375 3094 promisit.
416 3065 419 3076 ,

225 3123 366 3184 Ειιιιιιιιι
377 3123 563 3197 Brunswigla
579 3123 647 3197 dux,
662 3139 727 3185 oum
741 3140 815 3198 equo
830 3123 937 3200 gradus
952 3123 1143 3186 conscendere
1157 3127 1306 3199 tentasset,

137 3245 221 3291 crure
236 3231 322 3290 laesus
336 3231 383 3291 hic
397 3228 550 3291 decumbit.

224 3334 336 3411 Judica,
353 3336 476 3410 domine,
492 3349 607 3395 causam
622 3340 756 3395 meamet
770 3334 809 3394 da
822 3333 892 3394 mihi
905 3334 936 3394 in
950 3338 1073 3396 menam
1088 3340 1119 3395 et
1132 3350 1164 3395 os
1179 3335 1249 3410 quid
1262 3333 1305 3396 lo·

137 3456 209 3515 quar
223 3456 319 3501 coram
334 3441 497 3518 gigantibus
512 3446 542 3502 ιι
555 3439 622 3500 filiis
636 3439 796 3500 homiuuml
833 3441 880 3501 Ne
895 3437 945 3501 des
960 3441 991 3500 in
1011 3440 1197 3516 opprobrium
1217 3437 1305 3501 coufi-

135 3551 229 3608 tentes
243 3562 347 3617 nomen
356 3549 450 3608 tuum!
473 3527 684 3620 DomineJesu,
700 3546 751 3619 qui
763 3546 801 3606 ad
813 3551 925 3620 patrem
937 3543 1037 3606 abiens
1051 3551 1149 3608 sancte
1163 3547 1306 3621 pollicitus

136 3668 181 3726 es,
202 3656 232 3711 ιι
250 3657 316 3712 tuos
335 3671 393 3713 non
412 3653 579 3714 relicturum
598 3652 756 3727 orphanos,
782 3651 856 3712 habe
878 3666 976 3713 curam
995 3650 1161 3714 relictorum
1182 3651 1258 3712 domi
1277 3655 1307 3712 et

136 3758 206 3832 mei,
225 3762 344 3832 propter
358 3763 437 3818 tuam
450 3759 541 3831 ipsius
555 3757 719 3818 bonitatem.

223 3863 250 3921 E
264 3865 382 3938 regione
395 3862 535 3939 Augustae
549 3869 630 3923 trans
645 3863 754 3936 Lycum
768 3862 870 3923 uisitur
884 3862 1029 3938 Friburga
1044 3862 1076 3922 in
1089 3862 1223 3924 Bavaria.

223 3969 282 4042 xvij
297 3969 415 4044 Aprilis.
438 3970 509 4030 Post
523 3970 651 4043 quintam
666 3967 703 4028 ad
717 3968 873 4043 hospitium
887 3975 1017 4029 nostrum
1030 3966 1304 4041 licentiatusblaier,

136 4071 204 4134 olim
218 4075 449 4135 monasteriensis
472 4073 671 4147 cancellarius,
696 4073 746 4146 qui
760 4071 852 4148 pridie
870 4075 969 4136 venire
987 4087 1045 4135 non
1066 4076 1194 4150 poterat,
1216 4071 1303 4131 uenit.

135 4178 182 4238 Ne
201 4184 297 4238 autem
316 4195 405 4254 opera
424 4195 477 4239 sua
496 4178 579 4239 nobis
600 4177 700 4238 deesse
721 4177 882 4254 videretur,
912 4195 966 4254 per
983 4179 1084 4240 literas
1104 4195 1157 4240 nos
1176 4175 1255 4252 apud
1275 4175 1303 4235 d.

135 4283 344 4357 Marquardum
359 4283 574 4344 commendavit.
613 4283 641 4342 Is
656 4283 744 4357 igitur
759 4282 884 4358 singula,
904 4301 969 4357 quoe
983 4285 1022 4345 ad
1037 4299 1152 4345 cansam
1165 4280 1303 4355 facerent,

135 4405 155 4454 a
167 4391 274 4453 nostris
290 4389 420 4468 edoctus,
438 4389 561 4452 fideliter
576 4388 725 4451 consilium
738 4405 820 4452 suum
833 4387 917 4452 nobis
930 4390 1093 4466 impartitus
1105 4391 1161 4452 est.
1197 4388 1304 4450 Verum
