2966 4900
757 357 821 424 194

198 540 248 611 qui
269 537 404 597 adversus
426 554 479 597 nos
500 539 609 612 aliquid
629 539 809 615 praetendere
830 539 931 613 velint,
958 555 1011 600 nos
1029 542 1096 614 jure
1122 537 1296 600 conveniant
1315 541 1362 594 etc.
1444 522 1458 587 ι’

200 645 271 702 Item
288 643 364 719 quod
379 644 541 716 specialiter
556 645 586 702 in
601 645 706 704 litteris
721 650 891 718 poneretur,
910 651 939 704 et
953 662 998 706 me
1015 652 1045 705 et
1058 645 1194 706 subditos
1210 643 1364 716 ingratiam
1440 620 1447 723 Ῑ

198 755 338 823 receptos,
356 765 418 808 eam
434 748 471 808 ob
486 765 556 824 rem,
574 747 651 822 quod
666 749 778 822 aliquot
792 750 899 809 vicinos
914 749 984 808 mibi
996 735 1164 810 infestiores
1174 747 1312 809 haberem
1320 751 1366 804 etc.
1447 745 1448 750 ’

198 855 237 913 Hi
253 854 451 914 duodoctores
465 859 638 926 receperunt
653 871 683 914 se
699 855 819 914 concilio
834 855 975 928 imperiali
990 858 1162 929 petitionem
1184 859 1314 914 nostram
1330 867 1368 909 re
1457 849 1458 872 ³

199 960 309 1018 laturos
326 964 355 1017 et
370 975 436 1016 suas
451 975 553 1031 operas
569 960 676 1019 adhoc
691 961 772 1019 nobis
789 959 929 1019 obtulere.
960 961 1055 1034 Viglio
1072 965 1175 1020 autem
1191 977 1254 1019 nou
1274 961 1368 1016 incom-
1457 945 1458 980 ³

199 1064 315 1122 modum
329 1065 420 1121 visum
437 1069 495 1138 est,
520 1070 553 1123 ιιι
567 1081 620 1138 per
635 1065 799 1125 schedulam
814 1065 890 1124 idem
911 1071 1040 1139 peterem
1061 1081 1189 1140 eamque
1209 1061 1369 1123 consiliariis
1457 1049 1458 1084 ³

199 1170 432 1228 transmitterem.
463 1169 539 1228 Nam
553 1187 584 1229 se
599 1176 681 1230 recta
696 1169 731 1229 ad
747 1171 841 1229 locum
855 1171 968 1229 concilii
983 1171 1110 1231 tendere.
1144 1171 1273 1230 Liborio
1293 1167 1371 1241 igitur
1457 1155 1458 1190 ¹

200 1280 232 1335 ut
246 1277 348 1334 mentis
363 1281 469 1334 nostrae
485 1281 651 1348 conceptum
666 1293 776 1349 papyro
792 1277 983 1335 committeret
997 1277 1159 1350 injunctum
1176 1280 1233 1334 est.

290 1381 412 1452 Querela
427 1380 705 1440 Paderboruensium
719 1381 808 1439 Floro
825 1379 894 1440 data
909 1384 966 1453 est,
989 1386 1021 1441 ut
1037 1399 1072 1441 ea
1091 1383 1231 1456 perlecta
1252 1393 1289 1436 ex
1308 1379 1370 1433 tem·

201 1503 270 1560 pore
285 1488 498 1560 responsionem
514 1485 716 1547 conscriberet.
749 1487 866 1546 Rerixit
880 1485 941 1546 fere
957 1487 1079 1560 Sathan3
1096 1489 1150 1548 sed
1167 1485 1315 1560 superest,
1330 1477 1371 1551 qni
1457 1487 1458 1504 ³

200 1597 287 1665 caput
302 1593 434 1650 contrivit
451 1593 602 1666 serpentis.

290 1696 433 1755 Prausum
449 1703 491 1756 est
508 1697 608 1756 eadem
623 1694 700 1770 apud
715 1698 847 1755 comitem
861 1695 1048 1757 Wilhelmum·
1061 1716 1079 1757 a
1093 1697 1230 1771 Nassau,
1256 1691 1306 1754 ubi
1319 1689 1369 1748 La·
1457 1707 1458 1712 ¹

200 1801 307 1859 dislaus
323 1795 360 1859 ab
374 1801 491 1876 Hagen,
514 1803 641 1861 loannes
657 1819 674 1861 a
690 1801 781 1874 Seyu,
801 1801 973 1862 Wilhelmus
989 1821 1006 1862 a
1021 1803 1234 1886 Witganstein,
1258 1797 1371 1857 Otthoa
1457 1815 1458 1819 ¹

202 1905 411 1983 Schaumburg,
435 1906 577 1965 chricus
598 1907 815 1980 aLynningen,
840 1907 990 1982 Philippus
1005 1913 1035 1968 et
1048 1907 1184 1969 Eubulus
1201 1923 1221 1966 a
1237 1895 1371 1965 Waideck

200 2012 317 2070 comites
339 2010 469 2069 aderant.
507 2007 608 2069 Adfuit
631 2027 743 2084 quoque
765 2011 963 2072 Marschalcus
986 2014 1183 2088 Schaumberg
1207 2017 1238 2071 et
1261 2004 1370 2082 quidam

200 2116 258 2173 dux
278 2117 433 2176 caesaream
454 2116 604 2174 exercitus.
634 2117 718 2173 Vitus
739 2133 756 2175 a
776 2115 905 2190 Velbrug
925 2114 1089 2193 supervenit
1110 2124 1139 2177 et
1164 2111 1368 2176 Chnnradusa
1457 2131 1458 2137 ¹

201 2219 373 2294 Bomelberg
388 2238 484 2295 eques.
519 2221 717 2281 Marschalcus
735 2211 941 2297 gloriabundus
957 2225 1011 2283 ait:
1035 2223 1116 2284 Nori
1131 2221 1249 2298 aliquid
1268 2235 1304 2280 ex
1322 2229 1366 2289 pa·
1450 2228 1458 2244 '¹

200 2327 270 2385 latio
292 2308 407 2386 caesaris¹
426 2326 535 2387 adfero.
570 2325 819 2400 Norinbergeuses
841 2328 958 2387 interim
976 2327 1050 2388 illud
1071 2333 1277 2402 acceptarunt,
1300 2321 1367 2381 aaut

200 2432 343 2492 Hulenses
360 2431 470 2492 Sueviae
486 2431 561 2491 idem
577 2449 690 2506 quoque
705 2430 886 2507 factitarunt,
912 2434 999 2510 scqrcl
1014 2439 1064 2493 aut
1078 2435 1127 2493 bis·
1138 2446 1305 2493 sermonem
1318 2427 1365 2484 ite·

201 2555 278 2597 raus.
310 2539 440 2598 Tandem
455 2555 549 2596 comes
564 2537 734 2598 Wilhelmus
749 2555 767 2596 a
781 2538 896 2598 Nassau
911 2540 993 2599 vultu
1009 2537 1283 2606 maesticiamffanimi
1296 2545 1363 2609 proe·

201 2645 355 2702 nunciante
369 2644 529 2716 respondit:
551 2640 696 2715 Proiecto,
713 2644 737 2702 si
752 2650 933 2720 receperunt,
950 2647 1019 2718 quid
1033 2652 1206 2719 receperunt
1220 2633 1363 2720 ignorant!

202 2747 292 2808 Paulo
308 2750 416 2822 largius
430 2747 477 2806 hic
491 2751 622 2821 potatum
637 2754 689 2808 est,
807 2781 809 2791 ι

289 2853 367 2912 Nota
383 2852 418 2911 de
432 2851 536 2927 herba,
561 2869 624 2925 quae
640 2853 778 2928 anagallis
800 2854 919 2929 dicitur,
943 2857 1105 2930 germanice
1128 2851 1288 2915 Gauchbeii
1309 2846 1361 2906 siff

201 2954 344 3030 Jaucbeii,
369 2974 432 3030 quae
448 2958 478 3015 in
492 2959 547 3017 hoc
561 2975 658 3018 mense
672 2959 760 3017 Junio
776 2959 859 3018 evelli
876 2959 960 3019 debet
975 2977 1009 3020 ac
1023 2962 1089 3020 vino
1106 2961 1224 3022 decocta
1247 2964 1277 3019 et
1298 2965 1359 3027 ep⁰·

199 3063 261 3116 tata
277 3065 376 3119 contra
390 3077 500 3120 morsus
516 3063 593 3120 canis
608 3061 701 3121 rabidi
715 3063 842 3123 remedio
864 3071 922 3140 ast,
947 3065 1023 3140 quod
1042 3066 1181 3141 Augustae
1202 3078 1297 3140 nuper
1314 3069 1361 3133 per

201 3164 332 3222 comitem
339 3153 523 3224 Wilhelmum
536 3169 567 3224 in
582 3168 684 3240 auriga
699 3167 778 3228 ducis
787 3171 917 3229 Mauritii
931 3170 1083 3244 probatum
1099 3179 1151 3232 est.
1175 3171 1288 3232 Eodem
1302 3164 1361 3225 vi11⁰

200 3271 287 3346 plaga
301 3273 412 3333 morsus
427 3273 504 3330 canis
520 3272 606 3332 debet
619 3273 728 3334 illiniri.

289 3375 365 3437 Dum
386 3385 517 3440 conatur
537 3379 675 3438 Erasmus
697 3397 715 3440 a
736 3379 877 3440 Rumrodt
901 3381 990 3440 cliens
1012 3381 1132 3441 Joaunis
1154 3379 1253 3440 fratris
1277 3369 1360 3440 nostri

200 3487 278 3544 venit
292 3488 440 3561 nuncians,
457 3486 599 3546 dominam
613 3477 765 3545 novercam
779 3488 810 3544 in
817 3487 921 3547 vicinia
927 3503 998 3562 esse,
1009 3493 1041 3546 ut
1049 3488 1209 3562 Augustam
1222 3485 1321 3544 tendat
1334 3479 1360 3536 ti

199 3591 229 3648 iu
251 3591 359 3651 Werda
380 3591 418 3651 ad
437 3593 599 3653 Danubium
619 3597 860 3666 pernoctaturum.
896 3592 951 3650 Hic
970 3592 1101 3653 Eubulus
1120 3594 1244 3666 ringitur
1265 3587 1359 3650 dubius

200 3695 270 3764 quid
284 3692 379 3768 iaciat,
396 3711 429 3754 ao
445 3712 508 3756 cum
523 3698 641 3758 Liborio
658 3698 806 3758 consilium
821 3699 910 3771 cepit,
926 3703 1007 3758 ratus
1023 3697 1137 3772 quidem
1152 3698 1310 3756 consultum
1323 3689 1358 3748 ti·

199 3794 274 3864 deri,
298 3796 323 3852 si
345 3799 406 3869 ejus
426 3801 566 3859 adventus
582 3819 639 3860 non
656 3808 857 3878 expectaretur
872 3801 977 3862 munitas
993 3801 1029 3861 ab
1045 3818 1154 3861 causas.
1186 3803 1294 3862 Verum
1307 3811 1359 3860 nou

199 3915 289 3976 parva
302 3899 463 3959 obstabant.
489 3902 664 3964 conventum
679 3909 784 3981 itaque,
801 3913 834 3967 ut
847 3910 878 3967 in
893 3910 1048 3967 crastinum
1064 3909 1238 3967 consultatio
1252 3912 1357 3981 protra-

198 4003 325 4066 heretur.
349 4006 541 4080 Posteaquam
552 4014 647 4067 autem
662 4011 792 4071 Eubulus
807 4029 904 4073 somno
920 4011 1096 4086 indulsisset,
1112 4013 1294 4072 illucescente
1305 4013 1359 4084 jam

198 4109 244 4169 die
266 4113 379 4172 circiter
401 4113 516 4172 tertiam
535 4115 618 4188 parvi
641 4114 781 4191 horologii
800 4134 922 4190 puerum
941 4117 994 4191 pro
1017 4115 1136 4178 Liborio
1158 4119 1255 4176 mittit.
1287 4114 1360 4174 ‘Erat

198 4222 293 4275 autem
306 4219 353 4306 hic
367 4219 427 4278 dies
443 4219 641 4294 praecidaneus
656 4218 794 4300 feriarum
810 4221 836 4281 d.
853 4223 974 4282 loannis
990 4220 1123 4295 baptistae
1144 4223 1190 4281 vel
1211 4223 1251 4282 23
1275 4195 1356 4282 lumi.

199 4320 323 4394 Singulis
345 4325 433 4398 igitur
453 4326 543 4398 probe
565 4328 713 4399 perpensis
734 4329 825 4392 visum
846 4334 890 4388 est
911 4329 1020 4390 abitum
1039 4345 1152 4402 parare.
1184 4327 1358 4401 Quapropter

198 4423 228 4485 et
242 4425 376 4487 litorius
388 4431 485 4501 jussus
501 4431 537 4490 de
552 4431 619 4504 biga
633 4432 663 4490 in
678 4443 760 4492 usum
776 4436 952 4496 sarcinarum
966 4441 999 4494 ut
1018 4433 1159 4509 cogitaret
1180 4437 1233 4494 etc.
1265 4431 1356 4493 Eubu-
