2940 4900
774 279 837 346 144

221 461 326 522 acerba
340 461 473 536 monitio,
495 460 598 522 deinde
614 462 721 535 oleum,
743 461 774 520 id
789 465 833 520 est
848 459 971 520 selnbris
986 460 1126 534 evangelii
1141 457 1293 520 consolatio
1307 454 1373 514 adhi-

221 566 316 627 benda
331 573 383 628 est.
423 565 470 626 Sic
491 573 520 626 et
536 566 563 627 d.
580 566 706 626 loannes
726 567 819 640 primo
843 571 953 639 monet,
979 582 1195 640 nepeooemus,
1216 565 1317 622 sivero
1331 559 1373 618 nli-

222 672 337 746 quendo
352 672 411 732 labi
425 671 507 730 nobis
523 671 673 745 contingit,
689 670 845 730 remedium
861 670 1045 729 demonstrat.
1074 670 1196 729 Addidit
1211 672 1241 726 et
1254 667 1320 726 alias
1333 681 1374 738 op-

221 779 304 836 timas
328 776 374 836 hic
396 779 583 838 concionator
604 791 777 852 paraeneses.
815 775 992 836 Aooncione
1012 782 1107 836 antem
1126 776 1206 834 idem
1221 771 1376 848 praedicator

220 881 266 940 bic
286 881 364 954 quod
386 882 448 942 hori
471 882 498 941 d.
516 881 663 940 Musoulus
685 881 834 958 culpabat,
858 881 965 941 scilicet
986 881 1123 955 populum
1147 895 1216 937 mox
1230 876 1375 936 finitacon-

220 987 302 1045 sione
319 985 466 1046 discedere
482 1003 534 1046 nec
550 993 703 1061 expectare
726 985 816 1046 donec
839 986 958 1045 ecclesia
973 985 1038 1045 Deo
1058 986 1174 1045 landem
1190 989 1221 1042 et
1235 982 1378 1056 gratiarum

220 1090 346 1150 cationes
361 1107 414 1164 pro
431 1089 498 1152 doto
514 1093 600 1152 uerbo
617 1092 787 1166 decantarit,
804 1096 967 1166 contempta
980 1090 1181 1166 benedictione
1196 1088 1377 1146 ministromn

220 1195 310 1256 verbi.
334 1194 416 1256 Licet
431 1195 514 1269 enim,
532 1197 581 1271 nit,
597 1196 800 1257 homunciones
816 1197 917 1256 miselli
931 1196 1048 1256 etvobis
1058 1197 1166 1256 similes
1180 1196 1280 1266 simus,
1295 1196 1376 1248 temen

220 1302 296 1361 servi
312 1301 359 1360 dei
374 1301 475 1360 sumnni
491 1307 520 1361 et
534 1302 648 1361 maximi
663 1318 779 1376 snmus,
803 1307 833 1361 ct
847 1302 923 1360 illius
939 1303 1051 1362 nomine
1066 1317 1178 1361 necnon
1195 1315 1232 1357 ex
1247 1295 1379 1369 ipsiusmet

220 1407 313 1467 verbis
328 1408 409 1468 vobis
425 1407 626 1468 benedicimus.
652 1406 842 1468 concionatus
858 1413 902 1466 est
916 1406 1000 1466 hodie
1015 1413 1044 1465 ct
1050 1405 1211 1479 Masculus,
1227 1402 1306 1475 anns
1321 1411 1377 1454 oon·

219 1513 293 1570 sioni
309 1512 458 1587 Philippus
474 1517 504 1572 et
519 1512 646 1596 Joannes
660 1510 765 1572 fratres
781 1511 871 1571 nostri
895 1529 952 1598 nne
975 1526 1038 1569 cnm
1061 1509 1200 1570 Galacteo
1224 1502 1376 1566 interfuere.

308 1617 371 1676 Hac
385 1620 449 1691 ipso
469 1617 516 1676 die
537 1619 666 1676 Joannes
687 1616 774 1690 Hagk
793 1622 823 1676 et
846 1616 947 1710 scpp‘bae
962 1614 1083 1677 benum
1098 1614 1324 1682 commissionem
1337 1607 1378 1664 Li·

218 1717 294 1780 borii
309 1725 338 1778 et
359 1721 525 1781 Melchioris
545 1722 664 1794 amplius
685 1723 778 1781 locum
792 1721 899 1782 hebere
915 1724 1058 1796 nolebant,
1072 1722 1104 1780 in
1118 1738 1164 1780 me
1181 1717 1307 1779 creditur
1320 1711 1378 1772 laba

219 1824 273 1884 isto
288 1828 450 1897 sumptuum
466 1824 594 1884 cudetur.

306 1929 437 1988 Misimus
452 1929 600 1990 Liberium
615 1929 882 1992 addtrebstensem
894 1950 948 2009 pro
963 1932 1166 2006 capitulatione
1182 1945 1219 1990 eo
1232 1926 1322 1987 sonna
1334 1919 1376 1980 ob

217 2033 370 2108 ligationis.

305 2138 432 2200 Joennes
453 2141 501 2200 ille
523 2141 645 2202 Noricus
665 2142 716 2214 ait,
738 2141 877 2202 hactenus
891 2140 1075 2216 Pintningero
1096 2157 1155 2200 non
1178 2137 1314 2226 obtigisse
1334 2145 1376 2202 op

217 2245 437 2319 portunitatom,
461 2263 560 2308 verum
581 2247 635 2306 hac
655 2247 701 2307 die
721 2248 814 2322 ipsum
836 2247 946 2321 aliquid
966 2251 1158 2320 tentaturum,
1189 2261 1226 2306 eo
1246 2255 1321 2316 spen
1341 2232 1375 2292 illi

217 2363 279 2410 esse
294 2349 407 2412 bonam.

305 2455 428 2517 Domine
444 2457 524 2531 Jesu,
541 2458 590 2532 qui
606 2475 657 2520 nos
673 2459 709 2520 ab
723 2459 807 2518 initio
823 2457 950 2517 dilexisti
966 2458 1072 2532 etipsa
1087 2473 1117 2515 es
1132 2461 1255 2528 veritas,
1278 2467 1312 2509 ex
1326 2457 1374 2519 (1¹¹³

217 2562 308 2622 omnis
324 2562 439 2623 dilectio
454 2565 606 2638 processit,
632 2564 670 2624 da
684 2564 766 2626 nobis
780 2578 849 2624 rere
865 2579 900 2622 ex
915 2567 977 2622 toto
993 2561 1078 2622 eorde
1093 2567 1123 2622 et
1137 2568 1166 2622 te
1182 2568 1213 2621 et
1227 2556 1374 2636 proximum

217 2665 345 2742 diligere.
368 2667 468 2728 Amen.
590 2717 596 2731 ,
892 2647 895 2654 ’

304 2773 431 2848 Insignio
446 2771 635 2832 Grandevelae
651 2772 789 2845 ejusmodi
806 2778 897 2832 erent.
922 2772 1045 2846 clypeus
1060 2789 1112 2832 seu
1127 2779 1239 2833 scutum
1254 2761 1372 2841 supcrius

215 2875 341 2948 aquilem
355 2877 466 2951 glanem
485 2873 495 2910 ¹
520 2875 580 2936 alas
602 2878 811 2950 expandentem
831 2878 938 2938 hebens
957 2875 1076 2938 inferius
1092 2879 1174 2952 qussi
1188 2876 1372 2936 transuersum

214 2979 323 3052 positas
337 2979 428 3039 lineos
442 2980 516 3038 latas
532 2980 703 3040 bivaricatas
718 2981 784 3040 elbo
798 2989 827 3042 et
837 2983 919 3058 nigro
935 2984 1038 3044 colore.
1063 2984 1156 3058 Super
1170 2984 1283 3056 galeam
1298 2972 1374 3044 eaput

215 3086 260 3142 est
280 3083 344 3157 apri
366 3099 429 3141 oum
452 3082 524 3156 pede
546 3084 673 3156 eJusdem
694 3091 853 3146 cruentato.
892 3086 963 3148 Cum
981 3090 1073 3164 igitur
1094 3089 1121 3148 d.
1145 3088 1181 3147 de
1191 3072 1372 3162 ‘Granderela

214 3186 338 3261 sibiipsi
353 3187 431 3261 quod
445 3204 464 3247 a
479 3203 605 3250 cesarea
620 3190 769 3264 maiestate
784 3191 828 3249 his
840 3177 930 3252 'armis
943 3201 973 3254 et
987 3200 1104 3254 ornatus
1120 3198 1149 3252 et
1163 3191 1313 3252 nobilitate
1327 3179 1371 3239 do·

214 3296 297 3352 notus
317 3293 369 3368 sit,
395 3292 610 3368 congratuletur
629 3311 663 3354 ec
685 3299 838 3370 propterea
858 3298 958 3357 eulaeis
979 3299 1036 3356 suis
1055 3300 1163 3373 passim
1188 3296 1287 3356 subter
1300 3297 1371 3348 orna

213 3398 267 3460 boc
281 3400 438 3474 symbolum
449 3400 639 3474 intertexerit
656 3401 933 3461 scilicet»sicvisum
948 3409 992 3462 cst
1007 3404 1150 3477 superis«
1166 3403 1251 3462 horno
1267 3392 1370 3472 quiden
1440 3391 1441 3402 ¹

212 3522 269 3566 non
283 3507 406 3568 insulsus
421 3506 533 3568 addidit
549 3506 680 3582 »aquilas
696 3506 834 3580 subjicere
850 3508 975 3582 porois«
992 3508 1120 3567 indicans
1143 3507 1281 3565 maximos
1301 3492 1369 3556 orbis

212 3615 298 3672 terrae
314 3613 457 3690 principes
473 3612 511 3672 ab
526 3612 689 3672 humillimis
704 3609 939 3671 homuncionibus
954 3613 1026 3686 regi.

300 3715 459 3777 Verebatur
475 3723 586 3790 segetes
602 3717 743 3791 mendino
758 3732 910 3778 concussas
925 3719 955 3776 in
966 3715 1171 3778 eaGermaniae
1185 3719 1278 3790 parte,
1293 3714 1368 3782 quom

212 3816 298 3890 vulgo
313 3816 364 3878 des
379 3817 463 3878 Riese
479 3825 590 3880 vocent.

299 3921 440 3984 Ernestus
455 3939 547 3982 comes
563 3941 581 3983 e
597 3917 769 4000 Sehomber'g
784 3931 813 3986 et
827 3943 864 3985 m.
880 3925 1064 4010 Sebastianus
1081 3922 1219 3984 Glosenns
1233 3911 1367 3981 nobiscnm

210 4027 308 4104 prensi
323 4034 398 4088 sunt.
421 4027 449 4087 A
463 4029 584 4102 prendio
600 4025 690 4090 frater
705 4036 802 4090 noster
817 4030 968 4106 Philippus
989 4034 1019 4088 et
1033 4045 1086 4104 ego
1102 4030 1293 4089 emoenitatem
1308 4022 1364 4078 bor-

210 4139 305 4194 torum
320 4133 422 4208 Lynoil
437 4134 644 4209 perspeximus.

788 4254 803 4290 b

285 4341 294 4386 l
317 4337 459 4404 glaucum?
