3028 4894
684 309 729 376 79

124 487 273 552 veritatem
289 507 328 552 ex
343 489 424 552 Luca
439 498 468 554 et
482 491 646 569 apostolicis
660 491 752 552 literis
768 494 870 553 elionlt.
902 493 1061 554 litantem
1076 493 1220 554 dommim
1233 511 1292 554 non

122 594 212 653 statim
226 613 246 656 e
260 596 392 670 gloriosa
406 613 459 658 sua
473 599 683 658 resurreetione
698 598 737 658 sd
747 599 835 659 coelos
851 598 1022 673 ascendisse,
1035 598 1087 657 sed
1100 611 1155 672 per
1169 599 1290 684 quade·

120 700 194 773 ginta
214 701 349 776 integros
370 702 429 762 dies
449 719 481 762 se
501 705 594 777 ipsum
616 702 776 764 ostendisse
795 704 957 779 discipulis,
986 721 1036 764 eos
1057 701 1239 764 confirmasse
1261 705 1291 764 in

120 802 180 878 fide,
201 821 265 864 eum
286 807 348 865 illis
367 808 553 868 manducasse
568 823 603 868 ac
617 823 648 867 se
663 809 794 868 manibus
814 826 913 870 eorum
927 809 1161 870 munerandum
1176 825 1211 867 ac
1225 809 1288 883 pal·

120 910 237 982 paudum
260 913 431 986 praebuisse.
476 911 557 974 Siout
576 919 672 974 autem
696 913 826 974 dominus
850 913 946 990 palem
971 915 1032 989 pati
1058 920 1088 975 et
1115 914 1290 975 intuentihus

120 1017 244 1076 omnihus
267 1021 364 1078 crucis
385 1019 554 1094 supplicium
575 1019 671 1078 subire
690 1019 793 1093 veluit,
822 1019 865 1080 its
882 1021 1120 1080 resurrectionem
1140 1035 1221 1079 suam
1235 1019 1290 1078 illis

120 1126 239 1197 tantum,
271 1125 325 1197 qni
347 1123 386 1184 ad
407 1124 462 1185 hoc
481 1122 577 1184 aDeo
599 1122 930 1200 praeordinaverant,
952 1126 1072 1186 testibus
1087 1123 1288 1185 manifestavit.

119 1225 239 1288 Levetns
255 1233 304 1288 est
319 1233 416 1289 autem
431 1229 562 1289 domnus
578 1247 596 1290 a
611 1229 669 1289 suis
689 1229 719 1291 ‘m
733 1235 829 1289 mente
844 1230 949 1304 oliveti,
967 1231 1015 1304 qni
1030 1235 1074 1289 est
1091 1230 1168 1288 inter
1182 1228 1288 1287 Hieru-

120 1333 203 1392 salem
218 1340 249 1395 et
263 1334 449 1408 Bethnnism,
465 1333 515 1394 nbi
529 1332 696 1409 hequenter
709 1334 795 1394 Jesus
810 1334 882 1394 alies
897 1333 1007 1408 orabat,
1031 1333 1069 1394 ad
1084 1333 1164 1405 eujus
1180 1332 1290 1392 declive

119 1439 199 1496 etiam
213 1443 316 1512 guttas
332 1441 480 1514 sanguinis
494 1441 525 1498 in
539 1439 625 1500 horte
633 1438 797 1500 (ietsemaui
806 1440 928 1514 sudavit,
938 1439 1067 1500 sublatus
1080 1455 1116 1498 ex
1125 1423 1180 1498 hoe
1193 1442 1290 1497 monte

119 1558 177 1602 cnm
191 1559 316 1618 corpore
337 1561 390 1605 suo
404 1543 566 1606 nuendum
586 1545 733 1622 discipulis
748 1551 801 1604 etc.
841 1542 1007 1604 Consedere
1027 1543 1064 1604 sd
1079 1543 1227 1604 dexteram
1240 1559 1291 1616 pa·

119 1649 175 1707 tris.
212 1649 271 1708 Hic
291 1649 384 1710 multa
405 1649 480 1710 dixit
497 1649 645 1710 Masculus
665 1666 701 1710 ex
723 1649 850 1723 epistolis
873 1649 1001 1709 Paulinis
1022 1654 1052 1708 et
1074 1645 1229 1722 Augustini
1252 1645 1290 1707 de

118 1751 223 1816 honore
237 1756 337 1816 earnis
353 1757 470 1828 ammae,
487 1755 612 1816 sedentis
627 1757 658 1815 in
674 1753 788 1818 Christo
801 1756 841 1817 ad
855 1756 1002 1817 dexteram
1016 1755 1117 1830 petris.
1156 1749 1289 1815 sublatus

119 1861 168 1932 est,
183 1859 290 1935 inquit,
307 1875 394 1934 snper
410 1877 507 1921 omnes
523 1862 620 1922 coelos.
659 1862 721 1921 Hos
741 1869 837 1922 autem
857 1863 946 1923 coelos
960 1875 1019 1921 neu
1040 1860 1169 1933 reputari
1183 1859 1290 1920 dehere

118 1965 217 2024 coelum
231 1965 293 2025 hoo
305 1966 430 2027 volubile
446 1973 476 2026 et
490 1972 619 2042 aereum,
642 1967 718 2041 quod
732 1969 815 2029 nobis
830 1968 942 2028 visibile
956 1973 1014 2041 est,
1038 1966 1091 2026 sed
1110 1967 1289 2040 majestatem

118 2067 190 2127 llam
204 2077 237 2131 et
250 2067 375 2146 gloriam
390 2073 544 2146 coelestem,
561 2089 619 2146 qua
633 2088 685 2146 per
700 2089 765 2134 eum
779 2073 990 2150 glorificaturus
1005 2075 1082 2147 erat,
1106 2073 1182 2131 sicut
1196 2070 1286 2130 domi·

118 2187 166 2230 nus
178 2179 283 2236 noster
301 2175 387 2236 Jesus
403 2175 534 2237 Christus
549 2179 604 2238 ait:
628 2177 667 2239 Et
685 2195 761 2239 nnnc
779 2177 908 2254 glorifice
929 2193 984 2252 me,
1008 2183 1133 2254 opster,
1148 2175 1228 2252 apud
1244 2181 1287 2235 te·

33 2278 34 2298 ¹
118 2280 265 2354 metipsum
284 2281 389 2356 gloria,
415 2297 501 2355 quam
515 2282 604 2343 habui
618 2283 784 2358 priusquam
800 2285 847 2345 hic
861 2283 984 2345 mundns
999 2289 1076 2345 esset
1091 2289 1144 2343 etc.
1184 2282 1286 2342 Subla·

118 2387 159 2442 tue
174 2391 218 2446 est
232 2403 351 2461 qnoque
366 2388 396 2446 in
411 2387 531 2462 coelum,
556 2393 587 2447 at
601 2405 654 2450 nos
676 2405 740 2450 enm
756 2404 790 2450 ee
806 2403 968 2463 sequemur.
1008 2388 1135 2462 Utinam,
1151 2387 1192 2446 eit
1206 2387 1286 2446 Mus-

32 2519 33 2544 v
119 2491 202 2566 culus,
217 2508 287 2552 cum
301 2498 411 2552 nocuae
431 2494 526 2553 carnis
548 2493 686 2554 honorem
708 2507 941 2569 agnosceremus,
961 2493 1038 2567 quod
1058 2492 1188 2566 Christus
1203 2506 1288 2549 verns

32 2625 34 2670 p
119 2593 193 2654 Dens
207 2602 237 2656 et
252 2599 340 2656 homo
355 2599 386 2656 in
400 2614 487 2659 carne
502 2604 603 2660 noema
617 2599 655 2659 ad
669 2599 800 2659 dumam
813 2597 869 2658 Dei
884 2598 993 2658 sedeat
1031 2597 1123 2658 Addit
1137 2611 1200 2656 esse
1215 2592 1286 2669 fign-

120 2706 177 2760 rate
191 2702 311 2778 dictum,
328 2719 394 2764 caro
411 2709 509 2764 nostra
526 2703 650 2766 sedatio
666 2703 753 2778 caelo,
774 2704 847 2764 sicut
868 2703 999 2764 dicimus:
1025 2702 1133 2762 Domus
1154 2701 1289 2760 Austriee

120 2809 167 2863 ant
184 2806 374 2882 Burgundios
389 2808 471 2869 sedet
485 2823 572 2882 super
588 2807 689 2867 solium
703 2808 900 2882 imperitorum
913 2807 944 2866 id
958 2807 988 2868 in
1004 2823 1061 2866 una
1074 2821 1208 2882 persona,
1225 2805 1286 2865 Oa·

120 2923 179 2970 aare
201 2913 338 2972 mmhnm
360 2912 405 2972 vel
426 2929 510 2987 rege,
538 2913 721 2988 compleatur.
766 2913 810 2986 Si,
834 2913 942 2988 inquit,
968 2913 1024 2972 hoc
1042 2911 1288 2974 consideraremus

32 3051 33 3089 ,
120 3015 241 3092 nihilque
256 3018 351 3090 majus
370 3017 549 3090 duceremus,
572 3015 642 3076 nihil
662 3028 757 3086 minus
778 3033 863 3092 quam
877 3017 997 3080 humilia
1011 3018 1211 3092 hujnsmundi
1225 3035 1285 3079 am·

32 3113 34 3164 i
121 3118 316 3190 plecteremur.
355 3122 425 3196 Quis
447 3123 602 3196 imperator
621 3124 668 3181 vel
688 3125 819 3198 princeps
839 3137 898 3184 non
916 3139 970 3198 pre
990 3123 1045 3184 hoc
1065 3123 1173 3184 honore
1188 3139 1286 3183 omnes

47 3293 50 3302 Α
120 3240 181 3286 snas
194 3245 325 3303 pompas,
342 3244 406 3303 quae
422 3245 458 3289 uc
473 3230 576 3290 vitiosa
595 3229 709 3302 quidem
728 3243 800 3288 nuce
821 3228 859 3289 ad
872 3228 949 3288 huno
962 3230 1099 3290 honorem
1113 3233 1286 3303 comparate

32 3375 33 3380 1
121 3330 293 3393 eshmandae
308 3339 384 3407 sunt,
409 3324 580 3408 contemnat,
604 3334 674 3408 quin
688 3350 786 3395 omnes
802 3317 1008 3396 sollicitudines
1023 3351 1058 3394 ae
1072 3334 1187 3394 labores
1201 3335 1286 3406 hujus

32 3419 33 3514 J
121 3431 233 3496 honoris
247 3444 380 3512 respectu
393 3437 568 3514 postponat?
592 3437 660 3498 Sina
680 3437 781 3512 dubio,
802 3440 825 3498 si
849 3437 912 3497 hac
925 3439 1153 3499 revocaverimus
1171 3437 1211 3495 ad
1226 3451 1284 3509 cor,

32 3529 33 3544 ¹
121 3543 251 3602 mnndum
265 3560 319 3618 pro
333 3545 423 3604 nihilo
439 3545 614 3618 duceremus,
639 3560 696 3604 non
712 3543 790 3616 quod
801 3541 940 3600 mundum
954 3541 1084 3600 relicturi
1098 3540 1199 3614 umus,
1220 3557 1285 3600 nam

123 3644 272 3708 inmunde
294 3663 346 3708 nes
368 3651 454 3710 vitam
478 3649 594 3729 degere
606 3651 737 3726 oportet,
763 3644 900 3719 quamdiu
919 3645 950 3704 id
964 3645 1074 3705 coeleeti
1096 3647 1172 3719 patri
1186 3650 1286 3706 nostro

32 3795 33 3818 v
123 3748 250 3820 phdmm
273 3758 330 3828 est,
353 3754 405 3834 sed
427 3771 464 3814 ue
485 3759 567 3814 tanto
582 3760 686 3816 conatu
705 3751 790 3826 hujus
813 3749 910 3810 muudi
924 3750 1030 3810 divitiis
1050 3751 1205 3826 inhiemus,
1229 3768 1286 3812 nou

32 3839 33 3854 ¹
124 3856 194 3925 qnod
208 3857 315 3919 divitiae
330 3859 509 3934 damnentur,
526 3861 578 3920 sed
593 3859 671 3933 quod
684 3860 768 3932 juxta
774 3855 914 3917 Davidem
929 3871 1051 3916 cernon
1066 3873 1284 3932 apponeremus.

123 3957 192 4020 liam
205 3963 313 4024 Paulus
328 3980 393 4037 eos,
418 3966 467 4038 qui
482 3965 583 4024 volunt
597 3964 753 4037 ditescere,
774 3963 843 4023 dicit
858 3965 1075 4025 intentationes
1090 3964 1216 4026 incidere
1231 3971 1284 4024 ete.

124 4063 222 4128 Verum
237 4069 314 4128 victu
334 4074 364 4128 et
384 4071 489 4129 amictu
509 4070 636 4130 mntcuti
658 4070 870 4129 meminerimus
892 4070 1135 4130 conversationem
1157 4073 1286 4127 nostram

32 4225 33 4290 ἦ
124 4169 241 4234 hcohs
257 4189 322 4234 esse
336 4173 450 4248 debere,
466 4173 525 4234 vud
539 4173 631 4248 geben
645 4175 737 4234 nichts
751 4173 795 4234 vd
801 4175 858 4236 alle
871 4167 1175 4248 diesecheldinge.¹
1191 4170 1287 4234 isthac

189 4396 200 4444 ι
222 4389 348 4444 roseo
367 4390 455 4459 ange.
561 4457 564 4466 1
