3028 4894
753 222 798 296 39,

178 407 216 466 sit
231 405 269 468 de
284 406 377 482 nobis,
394 407 462 482 qnia
478 421 545 466 caro
561 410 591 466 et
604 405 699 482 pulvis
714 420 810 466 sumus
825 407 855 465 et
869 405 947 480 quod
962 422 1046 468 nemo
1066 424 1125 468 non
1139 409 1294 472 viventium
1308 413 1354 487 sit,

178 513 229 586 qui
243 514 323 588 mgis
339 514 405 592 (sed
421 513 491 586 quid
506 513 569 573 dico
584 514 664 588 rugis
672 511 699 587 l)
723 513 780 570 imo
805 510 901 570 moltis
924 511 1057 572 sordibus
1071 529 1130 572 non
1145 515 1256 575 sitnon
1270 515 1357 575 infec-

177 624 234 692 tus,
258 623 358 679 nostra
383 619 459 679 mala
481 617 669 693 agnoscimus.
708 616 896 688 Quamobrem
918 620 948 676 te
964 617 1140 692 suppliciter,
1163 619 1239 679 utin
1254 618 1355 680 faciem

179 724 251 798 ejus,
268 724 304 784 de
318 741 376 798 qno
391 740 445 799 per
461 740 575 784 servum
589 728 671 783 tuum
685 721 826 783 Davidem
839 721 976 795 loquutus
992 739 1039 798 es,
1061 724 1154 797 ipsum
1169 740 1231 783 esse
1246 725 1355 800 specio·

179 846 241 888 sum
251 831 327 891 inter
337 827 411 888 filios
426 829 571 888 bominum
582 829 723 888 suavitate
735 829 836 904 gratiae
852 826 959 888 reiecta
968 844 1030 887 erse
1042 828 1119 888 labia
1132 845 1193 904 sua,
1208 846 1353 905 quaprop-

178 940 224 996 ter
233 940 295 996 ettu
303 934 383 994 Deus
396 933 473 992 illins
486 931 659 994 benedixisti
671 933 713 992 illi
722 935 754 992 in
769 939 908 994 aternum
924 941 953 995 ιι
966 936 1072 994 unxisti
1087 952 1152 996 eum
1166 937 1229 997 oleo
1243 936 1353 996 laetitiae

177 1057 239 1116 prae
249 1039 429 1101 consortibus
439 1039 507 1114 suis,
516 1037 693 1098 auferentem
701 1056 788 1115 rugas
796 1045 825 1099 et
832 1038 1040 1100 deformitatem
1046 1045 1231 1115 peccatorum
1241 1047 1353 1102 nostro-

177 1162 242 1204 rum
256 1146 347 1218 ipsius
362 1146 430 1219 agni
444 1144 505 1204 sine
519 1145 630 1204 macula
644 1146 786 1219 respicere
802 1144 928 1219 digneris
938 1146 1134 1220 deprecamur,
1151 1163 1188 1205 ne
1202 1149 1352 1222 permittas

178 1267 231 1312 nos
246 1251 346 1326 nobis,
370 1250 423 1309 sed
443 1250 474 1308 in
496 1250 551 1308 hoc
571 1247 642 1308 lesu
666 1246 726 1308 filio
749 1255 799 1310 tuo
819 1250 970 1310 benedicto
991 1267 1087 1310 omnes
1110 1253 1353 1326 transgressiones

178 1361 293 1417 nostras
316 1355 399 1415 nobis
421 1355 584 1429 remittens,
609 1353 660 1412 des
681 1352 784 1430 fidem,
809 1354 859 1414 des
884 1355 1111 1416 emendationem
1132 1357 1198 1414 vitoe
1222 1372 1276 1415 nec
1295 1374 1353 1436 non

177 1453 392 1538 charitatemj'et
406 1460 649 1534 perseverantiam
664 1474 754 1534 usque
769 1459 806 1519 ad
820 1465 976 1519 extremam
991 1461 1057 1520 vitae
1072 1466 1178 1520 nostrae
1193 1461 1351 1537 periodum,

177 1583 231 1642 per
254 1565 379 1626 eundem
397 1563 551 1625 Dominum
575 1570 705 1624 nostrum
732 1565 832 1625 lesum
855 1565 1012 1642 Christum,
1039 1567 1087 1641 qui
1115 1573 1208 1626 tecum
1230 1567 1301 1627 vivit
1322 1571 1352 1627 ιι

177 1675 286 1746 regnat
299 1675 353 1730 etc.
496 1670 505 1681 '

269 1775 388 1836 Interim
402 1772 474 1834 illud
488 1775 527 1835 ed
540 1773 616 1834 (ιιιιιι
638 1774 666 1833 d.
684 1772 801 1851 Georgii
825 1777 959 1852 martyris
978 1777 1119 1852 publicari
1136 1777 1274 1854 debebat,
1298 1778 1350 1839 sed

177 1882 295 1943 interim
309 1879 438 1940 nihilfit.
1361 1869 1363 1874 ’

266 1987 344 2060 xxvij
361 1989 391 2045 in
406 1985 468 2046 ade
482 1985 613 2045 Mauritii
628 1985 817 2062 Wolfgangns
832 1985 979 2046 Musculus
995 1988 1179 2049 concionatus
1196 1993 1249 2062 est,
1263 2004 1347 2052 enare

177 2108 245 2152 rans
264 2093 328 2152 brec
348 2092 450 2152 verba:
474 2091 527 2150 Ille
549 2106 601 2150 vos
616 2089 729 2151 docebit
750 2093 845 2152 omnia
865 2097 895 2152 et
910 2099 1044 2168 suggeret
1058 2093 1139 2154 vobis
1161 2095 1348 2169 omniaque.

174 2198 234 2258 dixi
258 2198 350 2272 vobis,
375 2214 411 2256 ex
426 2214 488 2272 cap.
509 2200 549 2256 14
564 2197 694 2257 Joannis.
734 2198 769 2256 In
791 2215 913 2273 quorum
935 2199 1089 2259 verborum
1112 2201 1349 2275 explanationes

172 2305 221 2378 xxj
237 2303 348 2380 Aprilis
363 2319 453 2376 usque
468 2303 499 2360 in
521 2303 596 2362 hunc
610 2302 686 2362 diem
705 2304 889 2364 succedaneis
911 2303 1093 2364 concionibus
1115 2307 1242 2378 perstitit
1256 2305 1346 2364 disse-

172 2424 250 2483 rens,
266 2408 353 2482 hujus
375 2407 500 2468 doctoris
520 2407 681 2468 doctrinam
701 2408 767 2482 plus
790 2410 860 2468 satis
876 2409 915 2468 ad
937 2408 1073 2467 discenda
1087 2409 1192 2482 omnia,
1215 2425 1280 2481 qoae
1294 2426 1345 2470 no-

172 2517 262 2574 stram
278 2517 308 2572 ιι
321 2509 406 2572 fidem
422 2517 451 2572 et
466 2513 587 2572 salntem
602 2517 784 2586 concernunt,
801 2529 873 2572 esse.
906 2510 1065 2586 Suliiciens,
1081 2513 1183 2587 inquit,
1200 2513 1348 2574 adomnia

172 2618 305 2679 doctrina
319 2617 478 2693 apostolica
493 2623 546 2693 est,
570 2611 605 2676 ιι
620 2593 748 2692 grauiter
771 2632 892 2691 peccare
908 2617 1070 2690 quicunqne
1092 2617 1245 2677 humanam
1260 2634 1348 2694 super

172 2725 249 2784 hanc
264 2727 394 2797 struunt,
419 2726 452 2780 ut
476 2738 552 2797 papa
574 2727 604 2780 ιι
619 2724 663 2782 sui
677 2721 816 2781 bectenus
830 2719 971 2781 fecerunt.
1009 2722 1083 2781 ltem
1098 2737 1184 2796 quam
1199 2721 1269 2781 nihil
1284 2725 1348 2782 sani

173 2831 224 2905 sit,
244 2829 296 2889 ubi
314 2828 362 2887 bic
375 2828 476 2889 doctor
498 2845 558 2890 non
581 2828 665 2889 adsit.
704 2829 778 2888 Item
799 2842 882 2900 quam
898 2842 1017 2900 prorsus
1039 2827 1111 2885 nibil
1132 2827 1200 2888 boni
1216 2843 1252 2886 ex
1266 2828 1348 2888 nobis

172 2937 243 3012 ipsis
258 2951 387 3009 agamus,
409 2939 439 2993 ιι
458 2950 543 3007 quern
565 2935 652 2994 etiarn
673 2935 826 3006 corruptus
841 2932 880 2990 sit
897 2929 962 2990 fons
982 2931 1038 2992 iste
1053 2934 1206 3008 memoriae,
1230 2934 1286 2992 nisi
1300 2933 1348 2993 hic

172 3040 275 3101 doctor
293 3040 389 3100 omnia
409 3040 599 3114 suggesserit,
623 3039 711 3112 idque
730 3038 853 3098 maxime
877 3053 911 3097 eo
932 3043 1100 3112 argumento
1124 3040 1243 3114 liquere,
1268 3039 1345 3113 quod

172 3145 301 3221 puerulis
316 3161 426 3204 summa
441 3144 591 3219 diligentia
610 3146 658 3204 vix
671 3143 794 3219 paucula
812 3141 901 3202 verba
921 3141 1070 3202 dominicae
1091 3144 1229 3202 orationis
1251 3144 1344 3203 incul-

174 3266 239 3314 care
255 3266 402 3325 queamus,
419 3256 449 3310 et
463 3267 548 3325 quarn
563 3249 644 3310 labili
659 3266 694 3310 ea
708 3251 779 3324 ipsa,
796 3263 860 3321 quae
876 3245 1037 3323 didicerint,
1058 3249 1194 3309 memoria
1216 3253 1343 3310 teneant.

172 3355 280 3414 Verum
294 3356 319 3414 si
333 3355 415 3414 nobis
437 3353 512 3414 forte
532 3371 591 3415 non
611 3355 856 3416 considerantibus
880 3355 951 3428 quid
974 3360 1060 3427 turpe
1074 3357 1125 3412 aut
1139 3353 1266 3414 obscoeni
1281 3370 1341 3414 ser-

173 3461 264 3520 monis
279 3460 462 3520 audientibus
476 3461 604 3535 puerulis
613 3459 760 3534 exciderit‚
776 3460 807 3519 id
821 3475 888 3518 mou
902 3457 1009 3534 patulis
1024 3457 1143 3515 auribus
1158 3457 1300 3529 arripiunt
1315 3464 1345 3518 et

173 3564 245 3626 adeo
265 3565 350 3627 avide
371 3567 402 3624 in
424 3571 535 3626 mentes
559 3566 773 3640 transmittunt,
799 3569 831 3624 ut
850 3580 959 3624 summa
978 3563 1064 3622 etiam
1087 3561 1205 3622 solertia
1220 3578 1291 3636 opus
1306 3563 1344 3623 sit

173 3671 234 3731 bac
247 3671 305 3730 illis
320 3671 442 3746 eripere.
480 3672 553 3730 Item
568 3687 658 3745 quare
675 3670 804 3730 Christus
820 3669 926 3730 dixemt
944 3669 1014 3728 «Ille
1029 3667 1144 3729 docebit
1158 3669 1261 3744 omnia,
1278 3687 1343 3744 quae

173 3776 231 3836 dixi
245 3777 326 3836 vobis
341 3781 370 3836 ιι
382 3792 440 3836 non
452 3778 548 3852 potius
563 3793 627 3851 qnae
642 3774 715 3836 feci»
729 3780 793 3851 eta,
809 3775 955 3836 adducens
970 3791 1059 3850 opera
1069 3773 1175 3836 Christi
1189 3773 1266 3836 facta
1281 3791 1343 3837 esse

175 3898 209 3942 ex
224 3883 392 3958 operatione
407 3884 514 3958 patris,
537 3883 575 3942 ad
590 3899 625 3942 ea
639 3883 678 3943 ad
693 3899 757 3956 quea
779 3883 942 3942 necessaria
957 3886 986 3942 ιι
1001 3882 1148 3942 commoda
1162 3882 1343 3958 videbantur,

174 3989 246 4047 sicut
259 3988 391 4064 leprosos
405 3987 564 4063 mundavit,
580 3990 663 4048 caecis
677 3989 769 4050 risum
783 3988 911 4048 restituit
924 3993 953 4047 ιι
967 3994 1095 4048 mortuos
1109 3988 1290 4047 resuscitavit
1303 3986 1343 4046 ad

176 4092 263 4152 vitam
272 4097 327 4153 etc.
344 4109 397 4152 neo
411 4109 472 4168 nos,
489 4098 522 4152 ut
529 4095 624 4153 omnia
633 4091 738 4153 Christi
754 4111 844 4169 opera
857 4092 1125 4180 imitemur,'teneri,
1141 4089 1192 4149 sed
1207 4095 1239 4148 ιιι
1253 4091 1343 4152 verba

175 4198 235 4270 ejus
257 4199 428 4274 recipiamus
453 4204 483 4259 et
502 4199 541 4259 ad
560 4200 661 4259 horum
683 4204 842 4275 praecepta,
864 4200 948 4271 juxta
962 4199 1079 4271 spiritus
1101 4195 1177 4256 illius
1192 4211 1300 4273 vocem,
1324 4215 1343 4258 a

174 4302 227 4365 deo
241 4308 326 4381 petre
347 4308 377 4362 et
391 4300 450 4364 lilio
474 4303 505 4364 in
524 4304 580 4364 boc
599 4301 686 4366 misso
707 4302 794 4365 fidem
809 4310 838 4365 ιι
852 4305 941 4366 vitam
964 4307 1092 4366 noemam
1105 4301 1267 4380 instituere,
1289 4319 1342 4364 noe
