2940 4900
757 329 800 392 96

194 519 250 586 tur,
274 516 378 572 utnon
393 513 484 572 solum
499 515 592 585 ipsum
613 513 777 570 excusatum
796 507 913 581 habere,
938 505 990 566 scd
1009 505 1146 566 amicitiae
1168 517 1285 576 quaeque
1303 497 1357 558 olfi-

194 619 238 676 cia
253 621 391 692 praestare
406 619 448 676 illi
462 617 557 676 vellet.
588 615 645 674 Sed
660 617 724 688 quis
739 615 871 687 eredidit,
888 615 930 672 ait
945 615 1097 690 propheta,
1121 611 1237 672 auditui
1251 603 1358 667 nostro?

282 724 391 782 Eadem
406 721 580 796 gradarium,
605 737 688 793 quem
703 738 721 780 a
736 719 931 780 Viermunden
951 735 1083 792 emeram,
1109 734 1166 790 pro
1194 718 1233 772 12
1253 710 1360 771 theleris
1454 727 1462 778 i

193 827 318 886 vendidi.
395 851 398 856 ·
1461 815 1462 822 ἵ

283 931 340 1004 xvij
356 931 428 1002 Maji
445 931 613 990 Leoncrdus
628 932 778 1008 intemplo
800 933 944 993 Minornm
964 930 1070 1004 populo
1091 926 1307 988 consessionem
1319 935 1363 992 pn·
1456 935 1460 972 ἰῑ

193 1036 295 1095 blicam
311 1035 403 1108 primo
418 1036 558 1109 praelegit,
575 1043 604 1096 et
619 1037 721 1096 deinde
739 1039 800 1096 haee
820 1038 908 1096 verbo
928 1052 963 1094 ex
978 1051 1040 1108 cap.
1057 1033 1204 1094 Actorum
1224 1034 1251 1088 1.
1271 1024 1363 1083 <Oum-

195 1155 251 1212 que
266 1145 361 1198 essent
376 1138 476 1198 defixis
492 1141 521 1198 in
541 1141 644 1200 coelum
665 1143 764 1216 oculis,
788 1146 873 1200 eunte
892 1140 950 1212 illo,
975 1155 1040 1198 ecce
1060 1140 1114 1198 riri
1138 1139 1200 1196 dno
1222 1134 1366 1192 astiterunt
1457 1145 1462 1181 .’

195 1245 263 1317 illis,
288 1246 383 1304 amicti
405 1245 530 1304 vestibus
552 1245 639 1320 albia
664 1249 713 1320 qui
734 1253 762 1306 et·
782 1247 926 1306 dixerunt:
956 1245 1019 1302 Viri
1040 1242 1175 1314 Galilaei‚
1201 1237 1273 1312 quid
1294 1232 1366 1292 statis

195 1351 337 1410 intuentes
358 1351 388 1408 in
410 1349 532 1410 coelum?
570 1351 625 1408 Hic
646 1352 732 1412 lesus
754 1354 803 1425 qui
823 1355 985 1422 assumptus
1006 1353 1049 1406 est
1069 1365 1087 1407 a
1107 1347 1195 1438 robis
1216 1345 1248 1400 in
1263 1339 1366 1408 coelnm,
1458 1353 1460 1360 ’

194 1456 236 1513 616
251 1457 355 1529 veniet,
370 1456 523 1528 etquidem
539 1457 649 1516 vidistis
665 1473 729 1515 eum
745 1460 859 1516 euntem
875 1457 905 1514 in
921 1453 1043 1512 omium«
1061 1457 1127 1525 etc,
1145 1447 1293 1508 recitavit.
1322 1441 1367 1500 llis
1458 1461 1462 1498 a

195 1561 275 1620 lectis
298 1563 352 1618 ait:
378 1561 474 1633 Scina,
503 1562 571 1634 quid
594 1562 624 1620 in
652 1561 835 1620 enarratione
862 1560 990 1618 historiae
1018 1554 1201 1614 ascensionis
1227 1547 1368 1612 dominica
1459 1565 1460 1568 ¹

195 1665 257 1722 heri
280 1665 373 1722 adhuc
397 1666 435 1724 ad
458 1666 607 1724 dicendum
627 1666 767 1738 reliquum
789 1665 889 1738 fuerit,
913 1665 1046 1723 nimirum
1067 1661 1102 1720 (16
1124 1661 1199 1733 hoc,
1227 1655 1305 1730 qnod
1323 1651 1367 1709 do·
1458 1670 1462 1708 1

195 1769 287 1826 minus
302 1774 400 1828 1166161
414 1770 499 1828 lesus
515 1769 644 1828 Christus
660 1771 759 1830 sedeat
774 1771 811 1830 ad
827 1771 974 1830 dexteram
989 1770 1045 1828 Dei
1059 1767 1163 1842 patris.
1205 1760 1307 1832 Sedet,
1329 1756 1368 1812 in·

197 1874 267 1946 quit,
283 1890 340 1933 rron
355 1877 387 1931 nt
401 1889 477 1948 papo
492 1875 590 1932 Romae
605 1875 700 1934 omnia
715 1875 872 1948 precipere
887 1877 1005 1948 otiosus,
1029 1873 1081 1932 sed
1101 1872 1192 1930 sedet
1209 1867 1271 1936 illic
1291 1874 1368 1920 verus

198 1979 267 2036 deus
287 1977 428 2051 ethome,
452 1994 575 2050 regnans
595 1993 657 2036 eum
679 1985 761 2053 patre
782 1981 885 2053 aequali
905 1979 1034 2053 potentia
1053 1977 1228 2049 imperitans
1250 1963 1367 2028 66616111-

196 2084 258 2155 bus,
282 2083 424 2142 6116116166
444 2100 530 2155 snper
546 2083 699 2142 Cherubim
714 2089 743 2142 et
763 2085 921 2158 Seraphim,
946 2081 1146 2142 dominationis
1163 2085 1196 2140 61
1212 2069 1367 2152 potestatis,
1460 2133 1462 2142 A

196 2203 247 2246 rex
267 2203 382 2259 quoque
403 2194 544 2248 terrarum
565 2195 594 2246 et
615 2189 823 2249 immundorum
847 2189 1014 2248 inferiorum
1039 2188 1204 2263 spirituum.
1246 2171 1369 2238 Admini·
1459 2177 1462 2232 1

196 2297 269 2352 stret
283 2297 379 2352 cutem
394 2310 513 2368 regnum
534 2311 614 2352 snum
638 2295 799 2370 dupliciter.
837 2287 978 2354 Devastat
998 2307 1095 2352 ornnes
1115 2291 1238 2364 impios
1264 2297 1315 2342 nec
1330 2279 1367 2336 esi

197 2397 273 2472 quod
288 2399 436 2472 quisquam
453 2401 479 2456 ei
493 2400 628 2458 resistcre
644 2400 747 2474 valeat,
772 2400 882 2458 61161161
902 2399 1027 2472 undique
1048 2395 1169 2456 flammis
1190 2395 1253 2453 suis
1277 2392 1306 2446 et
1319 2398 1366 2441 uu·
1461 2393 1462 2442 1

197 2502 241 2563 (116
261 2505 376 2576 tyranni
392 2505 519 2564 saeviant
551 2504 625 2564 Nam
642 2522 698 2577 quo
720 2505 817 2564 durius
838 2505 986 2577 premitur,
1011 2504 1066 2562 hoc
1085 2503 1172 2561 latins
1194 2496 1367 2592 praedicetur
1461 2495 1462 2502 ’

197 2610 377 2684 evangelium
397 2616 426 2669 et
445 2611 604 2684 evulgatur.
635 2610 772 2684 Allegans
792 2610 839 2668 hic
859 2611 1017 2668 orationem
1041 2609 1067 2667 d.
1085 2608 1165 2666 Petri
1180 2608 1213 2664 in
1229 2597 1366 2662 conventu
1455 2621 1462 2696 Ὶί1

196 2713 451 2788 Hierosolymitani
467 2723 591 2788 senatus
615 2715 751 2775 Actorum
770 2717 797 2773 5.
819 2722 848 2774 et
867 2715 1012 2774 detestans
1032 2728 1147 2774 enorme
1168 2709 1283 2770 facinus
1304 2714 1365 2760 con·
1456 2782 1457 2801 Χ

197 2820 254 2878 cilii
275 2820 502 2880 constantiensis
523 2821 553 2878 in
575 2823 716 2880 loannem
733 2819 828 2894 *Huss‚'
851 2820 899 2892 qui
921 2817 1145 2892 prophetaverat
1166 2821 1236 2890 post
1259 2812 1366 2870 centum

197 2941 287 2983 annos
302 2924 365 2982 Dec
382 2927 411 2982 et
425 2924 477 2982 sibi
492 2924 577 2996 hujus
593 2922 723 2983 maleficii
738 2927 877 2984 rationem
896 2923 1081 2983 reddendam.
1118 2924 1234 2995 Regnat
1257 2921 1366 2990 quoque
1458 2963 1459 2988 t

157 3085 160 3090 .
198 3027 327 3086 Christus
342 3029 372 3084 in
387 3028 454 3099 suis,
479 3044 527 3086 eos
547 3029 576 3085 in
597 3027 793 3086 misericordia
812 3029 980 3104 corripiens,
1003 3027 1168 3088 confortans
1189 3027 1271 3086 etin
1293 3014 1364 3094 peri·
1457 3021 1459 3090 ξ

197 3131 268 3191 culis
283 3137 455 3190 sustentans.
486 3132 567 3204 Item,
592 3131 791 3205 exscriptoris
811 3134 974 3194 testimonia
993 3134 1121 3206 adduxit,
1145 3133 1223 3205 quod
1243 3133 1275 3189 in
1294 3135 1365 3196 sym·
1461 3163 1462 3180 1

197 3237 263 3296 holo
283 3236 396 3308 dicitur,
420 3235 619 3296 ascendentem
640 3236 676 3294 ad
697 3236 799 3309 coelcs,
815 3237 968 3321 *sedentem
988 3239 1026 3298 ad
1045 3237 1194 3296 dexteram
1214 3233 1317 3310 patris,
1340 3225 1366 3280 et
1459 3278 1462 3286 ,,

198 3341 273 3416 quod
288 3343 425 3401 Actorum
442 3345 459 3398 7
477 3342 639 3416 Stephanus
654 3347 850 3416 protomartyr
866 3344 918 3402 ait:
941 3345 1025 3417 Ecce,
1049 3345 1132 3404 video
1148 3343 1236 3402 coelos
1253 3337 1366 3413 aperies
1459 3419 1460 3426 ἶ

198 3454 227 3508 61
249 3447 337 3509 filiurn
359 3448 480 3508 hominis
501 3452 623 3507 stantem
646 3466 664 3508 a
687 3447 794 3508 dextris
817 3448 881 3506 Ilei.
919 3450 990 3507 ltem
1011 3448 1047 3507 (16
1067 3456 1189 3522 utroque
1209 3447 1284 3506 dixit
1305 3452 1365 3498 scn-

197 3557 295 3627 tentia
321 3573 406 3629 quam
425 3541 555 3614 dominus
570 3555 654 3614 lesus
671 3553 760 3629 judex
780 3554 908 3613 vivorum
925 3558 954 3612 et
968 3560 1145 3614 mortuorum
1165 3555 1278 3612 laturus
1293 3545 1365 3606 esset

197 3674 283 3729 super
303 3660 398 3719 hircos
420 3666 450 3718 et
471 3660 577 3735 haedos
601 3662 701 3735 impios
720 3665 753 3718 61
775 3659 889 3718 electos.
928 3660 1066 3730 Quoniam
1085 3674 1153 3717 vero
1174 3658 1210 3717 ob
1231 3646 1364 3728 temporis

198 3763 348 3834 perronam
368 3764 445 3822 ultra
467 3766 602 3838 progredi
624 3781 681 3823 non
695 3770 820 3838 poterat,
844 3765 873 3823 id
889 3764 966 3836 quod
980 3765 1152 3838 praelegerat
1166 3764 1195 3820 in
1211 3759 1363 3820 mesenum

197 3864 379 3922 tractandum
397 3867 521 3939 reliquit.
551 3867 661 3928 Deinde
681 3869 808 3944 collecte,
824 3870 965 3931 dominica
979 3871 1109 3930 oratione
1125 3876 1155 3928 61
1169 3864 1362 3929 benedictione

198 3969 300 4030 clausit
315 3973 478 4030 concionem
494 3979 522 4030 61
537 3973 683 4032 ecclesiam
700 3974 813 4034 dimisit.

286 4075 395 4137 Eadem
418 4075 559 4149 Vulphilae
586 4076 766 4138 Brabantino
787 4080 934 4154 disputata
960 4082 1094 4156 colloquii
1122 4079 1287 4140 Ratisbonae
1313 4081 1361 4147 1201·
1458 4083 1462 4184 1

198 4183 340 4244 Β6661616
353 4183 498 4258 descripta
510 4183 549 4242 ad
564 4182 688 4252 Nellium
702 4181 876 4256 perferenda
895 4187 1023 4246 dedimus
1042 4192 1072 4245 61
1092 4185 1254 4246 catharinae
1276 4174 1360 4241 86111-

199 4285 269 4345 dern
290 4303 406 4360 precum
426 4289 528 4348 librum
548 4287 766 4363 transmishnus,
790 4295 819 4348 et
837 4290 1002 4351 Hermanno
1025 4292 1207 4365 injunximus,
1231 4295 1263 4346 ut
1283 4280 1358 4344 fami·
1459 4375 1460 4378 Ἴ

197 4394 266 4466 liam
280 4395 390 4454 amiciri
405 4402 528 4458 curaret.
559 4395 668 4456 Eadem
683 4395 792 4456 omneis
808 4399 852 4456 usi
866 4413 970 4458 sumus.
