2940 4900
745 273 790 338 88

181 461 314 524 debeant.
340 459 491 532 Liberum,
508 459 609 533 iuquit,
625 458 678 519 tihi
694 462 751 531 est,
768 457 832 516 Deo
847 455 990 532 hebraice,
1006 475 1107 532 paee,
1124 456 1233 531 gallim
1248 459 1302 513 eto.
1314 453 1353 513 i'o

182 569 241 642 qui,
258 568 282 626 ia
298 567 374 631 attint
391 581 474 624 omne
493 564 598 623 idioma
613 563 755 638 intelligit.
780 562 880 636 Longe
892 569 988 622 autem
998 562 1075 622 ahud
1090 569 1147 635 est,
1164 579 1232 621 oum
1246 560 1355 618 homine

181 673 341 750 peregrinas
361 672 467 746 hugues
487 671 590 744 ignaro
610 669 689 741 loqui
711 673 740 726 et
766 668 843 728 huno
862 669 1027 743 instituere,
1057 669 1188 742 exempli
1208 667 1313 740 gradu,
1334 666 1356 721 si

182 776 368 838 scholasticus
390 792 448 834 uon
463 789 499 832 ex
514 775 590 832 omni
606 788 735 831 secmoue
746 774 934 846 praeceptoris
950 775 993 831 sui
1004 774 1147 834 eruditior
1162 771 1274 830 evadit
1288 771 1355 829 Nau

182 883 205 942 si
222 885 382 958 preceptor
405 895 468 936 cum
492 894 582 937 uxore
605 879 724 949 propria
744 881 795 936 aut
815 875 923 936 familia
943 876 1158 950 confabuletur,
1181 876 1216 934 id
1242 874 1312 932 nihil
1326 872 1359 931 ad

182 987 313 1062 discipuli
334 985 540 1044 iustitutionem
564 981 647 1056 iacit,
674 982 724 1041 sed
739 983 894 1057 ‹hscipulus
910 999 946 1042 ex
961 999 996 1042 eo
1011 998 1158 1054 sermone,
1185 997 1276 1053 quem
1291 995 1359 1052 prae-

182 1096 281 1166 oeptor
302 1090 340 1149 ad
360 1089 422 1162 ojus
445 1093 557 1161 captum
578 1087 774 1146 accommodat
796 1091 825 1146 et
848 1089 966 1162 proprie
980 1089 1018 1147 ad
1033 1087 1062 1145 id
1077 1087 1218 1159 instituit,
1244 1083 1360 1159 peritior

182 1195 223 1256 tit.
263 1193 394 1253 indicans
416 1193 533 1266 insuper
556 1191 698 1265 quomodo
725 1193 879 1265 genuinum
903 1195 1053 1266 scripturae
1069 1189 1201 1270 herbum
1223 1191 1361 1248 haetenm

183 1299 364 1376 profligatum
378 1295 474 1370 fuerit,
491 1301 520 1356 et
535 1297 619 1370 hujus
633 1297 697 1356 looo
713 1297 825 1380 scotus,
842 1297 980 1372 Thomas,
1003 1297 1143 1371 seraphici
1160 1297 1311 1366 doctores,
1334 1297 1360 1350 et

183 1405 292 1478 siquid
314 1403 400 1477 humus
422 1403 479 1461 albi
499 1403 626 1461 homines
646 1408 811 1477 suggestum
834 1407 1020 1478 occuparunt.
1059 1402 1118 1460 Sibi
1143 1407 1247 1460 autem
1272 1397 1361 1458 videri

182 1509 365 1570 Germaniam
380 1525 440 1582 prae
457 1507 559 1566 ceteris
575 1507 737 1566 redonibus
753 1506 807 1565 hae
821 1507 851 1565 in
866 1523 899 1566 re
914 1507 1120 1567 inioshoiorem.
1149 1507 1233 1564 Nam
1249 1509 1358 1578 postea·

184 1629 268 1690 quam
288 1613 381 1686 primo
397 1611 504 1670 Christi
523 1609 594 1671 fides
617 1611 769 1684 praedicari
791 1613 891 1686 coepit,
917 1613 1037 1686 apostoli
1058 1617 1088 1670 et
1108 1612 1158 1684 qui
1174 1627 1214 1669 ex
1230 1608 1360 1669 Hebraeis

182 1715 268 1776 iidem
283 1716 507 1787 annunciarent,
524 1715 654 1789 hebraea,
670 1721 769 1790 utpote
784 1733 850 1790 sua,
877 1719 975 1791 lingua
989 1718 1020 1775 in
1035 1715 1260 1775 sermocinando
1277 1719 1307 1772 et
1319 1712 1358 1770 io

183 1820 297 1896 quaudo
320 1821 364 1878 usi
384 1824 464 1891 sunt,
497 1834 581 1892 eave,
607 1836 665 1892 qua
687 1821 743 1879 illis
764 1828 829 1881 erat
848 1823 953 1882 nativa.
993 1821 1051 1882 Ubi
1066 1820 1159 1879 Graeci
1182 1819 1358 1893 receperunt

183 1923 380 1999 Evangeiium
396 1937 491 1996 praem
505 1939 557 1990 suo
567 1922 712 1997 idiomate,
730 1927 806 2008 quod
818 1927 874 1986 illis
886 1929 1013 1988 nativum
1027 1932 1099 1999 erat,
1115 1929 1160 1986 usi
1176 1931 1257 1986 sunt
1284 1923 1358 1981 Dum

184 2033 282 2094 Romae
297 2028 449 2104 praedicari
464 2033 589 2102 coeptum
605 2034 664 2102 est,
687 2031 717 2087 iu
741 2032 811 2091 latio
831 2049 962 2092 sermone
985 2032 1155 2092 cantabatur
1171 2037 1202 2091 et
1218 2028 1357 2106 praedica·

182 2136 276 2197 batur.
302 2135 439 2194 Omnibus
454 2134 529 2192 euim
545 2137 658 2192 constat
676 2136 823 2210 vulgarem
846 2155 1003 2198 sermonem
1026 2137 1057 2196 id
1073 2141 1212 2213 temporis
1229 2139 1261 2195 in
1276 2133 1358 2193 Italia

181 2241 282 2302 latium
305 2239 364 2299 sive
387 2239 506 2298 latinum
529 2235 624 2298 fuisse.
663 2239 703 2301 Et
722 2241 836 2301 duravit
861 2243 890 2302 id
906 2245 1019 2316 quoque
1035 2261 1052 2302 a
1069 2244 1161 2317 prima
1184 2241 1309 2302 ecelesia
1322 2235 1356 2295 ad

182 2359 273 2422 pauca
289 2345 393 2408 abhinc
408 2361 499 2418 usque
515 2349 656 2421 tempora.
684 2347 800 2406 Miseris
816 2365 884 2409 vero
901 2349 1051 2409 Germanis
1067 2351 1191 2422 psalmos
1207 2360 1315 2406 canere
1329 2345 1357 2399 et

182 2465 265 2512 saara
280 2449 427 2510 celebrare
440 2451 470 2510 iu
483 2455 581 2510 nostra
593 2451 690 2525 lingua
704 2463 761 2510 non
774 2453 958 2526 permittitur,
974 2469 1037 2512 cum
1053 2457 1149 2511 tamen
1160 2451 1354 2512 Tertullianus

183 2556 397 2630 ethugueunus
411 2555 440 2614 iu
450 2555 584 2631 Hippone
594 2556 651 2616 Sua
665 2557 695 2614 iu
710 2556 799 2616 eirico
814 2556 947 2617 idiomate
962 2559 1087 2630 psalmos
1103 2558 1263 2632 oantmint,
1281 2551 1355 2628 quod

183 2658 273 2722 velex
283 2675 317 2720 eo
327 2664 417 2735 patet,
434 2659 509 2734 quod
519 2661 627 2720 vicibus
635 2661 745 2750 aliquot
754 2662 899 2737 populum,
916 2677 979 2719 oum
989 2660 1127 2723 floruitin
1139 2663 1264 2735 quodam
1279 2659 1351 2736 psal·
1454 2727 1455 2730 Ἴ

183 2779 229 2824 mo
238 2769 362 2840 caueret,
381 2770 413 2824 ut
426 2761 540 2824 florebit
550 2771 700 2825 cantarent
709 2769 819 2826 monuit
830 2772 883 2827 etc.
908 2768 961 2828 His
973 2769 1106 2842 opposuit
1120 2769 1301 2842 papistarum
1312 2767 1352 2824 iu·

182 2869 248 2929 unia
262 2883 408 2928 murmura
424 2874 452 2928 et
465 2883 523 2928 uon
535 2871 693 2930 intellectas
704 2889 797 2946 voees,
812 2871 847 2932 de
862 2873 964 2945 quibus
977 2875 1135 2932 luculenter
1150 2873 1286 2932 disseruit
1301 2875 1350 2929 etc.
1454 2895 1457 2968 ι

184 2971 320 3046 Superius
336 2977 445 3044 numan,
470 2973 519 3032 ubi
540 2973 577 3035 de
598 2975 738 3035 munditia
757 2980 953 3050 apostolorum
971 2980 1084 3039 dicebat
1099 2981 1242 3039 christum
1260 2984 1289 3037 et
1303 2989 1353 3050 per
1454 2974 1456 3018 ὃ

184 3071 304 3148 liguram
320 3076 471 3136 loeutiouia
487 3093 536 3136 eos
551 3079 712 3153 appellasse
728 3080 864 3157 mundos,
887 3085 935 3157 qui
955 3101 1051 3143 secum
1072 3085 1166 3144 auimo
1182 3083 1350 3149 recolerent,

183 3193 247 3252 quie
262 3177 318 3239 illis
331 3177 460 3260 Cirristus
470 3179 607 3241 lractanus
618 3181 745 3259 dixisset,
763 3194 870 3259 quanta
883 3191 1061 3264 accepissent
1077 3195 1105 3247 et
1121 3205 1184 3260 quae
1200 3188 1294 3248 adhuc
1309 3199 1351 3244 ac·
1455 3195 1456 3202 ¹

182 3283 292 3361 capturi
315 3289 423 3360 esseut,
447 3285 470 3344 si
495 3287 583 3348 venba
605 3289 665 3362 ejus
689 3289 832 3352 audierint
853 3298 882 3352 et
897 3295 922 3352 si
937 3310 971 3353 eo
987 3311 1018 3352 se
1036 3295 1138 3368 dignos
1154 3298 1267 3367 gerant.
1305 3289 1351 3348 Ait
1456 3299 1458 3370 ι

182 3389 257 3450 onim
279 3387 355 3450 hunc
376 3407 484 3452 morem
504 3393 589 3454 etiam
612 3397 743 3469 apostolo
763 3396 930 3458 familiarem
955 3415 1035 3473 esse,
1059 3405 1091 3458 ut
1113 3416 1174 3459 oum
1199 3401 1349 3459 admouere
1456 3372 1457 3398 ¹

181 3509 247 3558 euos
263 3511 322 3557 auu
338 3499 495 3560 vocadouis
511 3502 605 3577 vellet,
633 3501 753 3562 diceret:
779 3503 877 3562 Sancti
893 3505 970 3577 estis,
988 3504 1077 3564 abluti
1093 3506 1171 3577 estis,
1196 3502 1313 3576 siout‘et
1326 3517 1347 3559 s.
1457 3503 1458 3511 ’

182 3599 285 3662 Petrus
300 3601 384 3662 dicit:
406 3619 457 3664 vos
472 3607 540 3666 ostis
558 3623 627 3681 gens
643 3614 751 3682 sancta,
768 3610 865 3683 regale
881 3606 1074 3668 sacerdotium
1089 3615 1154 3683 eto,
1171 3610 1216 3668 his
1231 3612 1347 3670 innuens
1456 3574 1458 3616 ⁹

182 3707 213 3764 ut
228 3717 366 3764 memores
383 3711 489 3766 nostrie
504 3709 533 3768 iu
549 3708 662 3770 Christo
677 3713 846 3774 conditionis
862 3729 985 3772 essemus
1011 3729 1063 3772 nee
1077 3713 1251 3788 ignobilibus
1265 3714 1346 3788 hujus

180 3805 267 3866 saculi
284 3821 335 3866 uos
352 3807 558 3873 lmmisceamus
569 3820 621 3872 ote.
647 3817 742 3876 Veluti
753 3819 778 3876 si
794 3817 920 3890 quisrite
936 3816 975 3875 ad
985 3819 1123 3892 virginem
1139 3820 1229 3880 dieat:
1246 3821 1346 3880 Sancta

181 3915 210 3969 at
224 3908 329 3984 pudiea
344 3925 389 3986 os,
414 3915 496 3987 quatri
515 3916 637 3991 dicaret,
662 3935 719 3978 non
739 3925 768 3978 to
792 3921 932 3994 eiusmodi
951 3923 1079 3982 moribus
1108 3941 1183 3999 esse,
1205 3933 1237 3984 ut
1251 3932 1345 4002 turpes

179 4013 241 4074 ista
256 4013 341 4074 lanias
356 4021 407 4076 aut
422 4017 497 4094 lupus
513 4025 587 4096 sunt,
614 4025 753 4084 convenit.
793 4025 862 4090 Item
885 4032 918 4087 ut
939 4028 1026 4086 alicui
1040 4044 1083 4087 ex
1098 4030 1189 4100 nobili
1203 4033 1345 4089 stemmate
1457 4079 1458 4084 ,

180 4122 248 4178 nato
271 4120 409 4191 ejusmodi
430 4122 524 4184 verbis
545 4125 639 4186 calcar
661 4127 698 4188 ad
719 4129 853 4190 virtutem
878 4131 984 4192 addere
998 4149 1161 4206 possemus:
1185 4137 1231 4194 Ex
1244 4134 1346 4194 illustri

180 4227 263 4282 ustus
279 4239 309 4282 es
325 4229 474 4304 prosapia,
497 4229 578 4292 deest
593 4237 622 4292 te
637 4235 749 4308 gerionis
764 4237 807 4296 tui
822 4236 908 4296 decus
924 4237 1083 4312 iilustrare,
1107 4240 1191 4299 modo
1206 4239 1344 4301 nobilibus

182 4327 261 4388 ortus
282 4327 321 4387 sis
342 4331 492 4394 casulibus.
531 4336 570 4397 hh
589 4337 717 4414 proiecto
737 4342 931 4414 maximopere
951 4339 982 4399 id
1002 4344 1138 4415 temporis
1158 4348 1344 4407 necessarium
