2940 4900
682 363 745 428 147

116 539 280 618 Fridericb,
304 544 394 604 sitnon
409 542 461 604 uir
474 544 530 620 hir,
554 546 632 604 vnud
645 545 755 604 redenn
770 561 827 606 von
842 544 1014 604 schlechtem
1030 545 1133 604 wohnu
1148 546 1203 605 Inu
1218 545 1296 606 solli-

116 645 208 706 cbenn
224 647 369 708 sachenn:
388 649 426 708 So
441 650 516 708 seint
525 650 576 708 wir
591 649 726 710 wahrlicb
739 650 903 709 schwerlicb
917 650 973 708 1111.
1004 650 1050 710 Ad
1064 649 1296 709 bneoFridericus

115 757 196 810 torve
212 751 366 811 Eubulum
380 755 494 812 intuens
510 759 540 812 et
553 754 708 813 autoritate
722 769 775 810 sua
799 752 836 829 (si
853 754 906 813 diis
921 753 1028 829 placet)
1050 771 1118 812 usus
1133 754 1294 828 respoudit:

115 852 175 914 Her
191 855 311 932 Grave,
332 858 385 918 wir
406 857 502 917 baben
517 874 574 917 von
587 858 640 918 dei
655 842 742 917 Rom)
754 857 827 930 Key.
843 858 982 932 Maiestat
1001 858 1195 918 austruclrlich
1209 859 1294 918 beve·

115 959 186 1033 lich,
211 960 267 1020 das
293 961 341 1020 die
358 960 584 1034 Colloqueutenn
603 962 716 1020 sollenn
735 961 854 1020 Redenn
875 962 954 1021 vnnd
975 963 1054 1021 nicht
1069 960 1114 1020 die
1129 962 1293 1022 auditornu.

115 1062 177 1122 Hoc
192 1065 318 1124 oraculo
333 1065 463 1126 Eubulus
478 1066 636 1139 perculsus,
652 1065 735 1140 quasi
750 1081 786 1123 ex
800 1066 913 1139 tripode
928 1064 1071 1139 Apollinis
1087 1065 1226 1141 proiecto,
1243 1067 1293 1127 ob·

114 1167 206 1226 ticuit.
247 1168 347 1228 Labia
360 1170 449 1244 igitur
464 1169 582 1244 premit,
598 1170 665 1228 licet
678 1169 820 1244 Bucerus,
837 1171 914 1245 Zog,
932 1169 1112 1246 Schuepfius,
1129 1171 1295 1247 Gultliugen

115 1271 207 1330 nostri
229 1273 355 1347 collegae
380 1279 496 1332 strenue
515 1274 630 1334 Eubulo
652 1275 747 1334 111011·
770 1273 876 1334 addere
898 1277 1082 1349 satagebant,
1107 1281 1140 1333 ut
1165 1278 1294 1349 apertius

8 1405 9 1408 =
116 1389 177 1432 curn
192 1379 304 1436 comite
318 1377 468 1436 Friderico
482 1379 514 1436 in
527 1379 664 1437 harenam
679 1377 874 1453 descenderet,
891 1394 989 1438 verum
1005 1384 1035 1438 et
1047 1379 1111 1437 loco
1127 1384 1156 1436 et
1170 1379 1295 1453 tempori

116 1481 209 1540 cessit.
249 1481 300 1539 Ne
315 1487 410 1539 1111111
424 1482 604 1540 Fridericum
618 1483 665 1540 vel
682 1484 799 1556 timere,
823 1482 869 1541 111
884 1482 953 1540 mibi
975 1483 1031 1556 ipsi
1046 1481 1081 1540 de
1095 1483 1146 1556 iis,
1171 1498 1235 1554 quse
1251 1483 1294 1541 illi

116 1583 262 1659 dixeram,
290 1586 366 1645 male
381 1589 511 1646 conscius
525 1587 653 1661 viderer,
679 1587 726 1647 vel
744 1587 788 1644 illi
803 1603 861 1647 uon
882 1585 982 1646 habita
997 1587 1143 1660 dignitatis
1157 1603 1229 1650 meae
1244 1603 1292 1646 ra-

115 1687 203 1763 tione,
218 1691 347 1748 maxime
361 1692 392 1749 in
407 1696 514 1749 1111111
528 1693 605 1750 seria
619 1691 744 1766 palmam
757 1691 886 1751 tribuere
900 1689 1073 1770 iuquparer,
1088 1696 1160 1765 post·
1169 1693 1294 1752 solutum

117 1807 285 1852 consessum
307 1799 386 1852 recta
400 1794 493 1867 ipsum
512 1795 585 1869 adii,
606 1796 674 1854 licet
687 1797 810 1854 voluerit
825 1796 972 1856 declinare
985 1798 1075 1870 viam,
1098 1796 1214 1856 dicens:
1229 1797 1290 1857 Do·

11 1955 14 1970 ,
118 1897 192 1956 mine
206 1898 370 1973 Friderioe,
386 1904 464 1960 certe
478 1900 552 1960 male
566 1916 611 1959 me
625 1900 726 1975 habet,
751 1902 829 1975 quod
843 1901 980 1976 hispanus
995 1902 1106 1962 nebulo
1116 1908 1175 1961 tarn
1189 1900 1292 1961 1111011

118 2004 146 2056 et
158 2001 286 2063 ridicule
301 2005 337 2063 de
351 2021 384 2064 re
399 2007 459 2064 tam
473 2009 580 2078 sancta,
596 2003 652 2064 fide
667 2012 766 2066 nostra
780 2007 946 2082 christiana,
961 2008 1097 2080 loquitur.
1134 2007 1174 2066 At
1188 2006 1291 2066 Fride·

118 2103 208 2180 ricus,
233 2112 270 2166 ut
284 2113 410 2168 astutam
425 2109 478 2168 sub
492 2115 610 2183 pectore
625 2111 739 2185 vulpem
761 2113 848 2186 tegit,
869 2127 1030 2172 sermonem
1051 2117 1181 2171 10111111
1201 2111 1290 2178 inter·

11 2223 15 2268 ’τ
117 2224 267 2286 rumpens,
289 2212 437 2288 Proiecto,
463 2217 518 2288 ait,
539 2215 578 2272 mi
592 2214 706 2274 domine
721 2231 833 2289 comes,
848 2232 920 2290 rogo
935 2221 968 2274 ut
982 2215 1052 2272 mibi
1065 2215 1120 2274 hoc
1134 2215 1288 2276 condones.

12 2369 17 2396 ,
118 2311 199 2384 Quod
213 2319 294 2376 enirn
309 2317 381 2392 dixi,
407 2335 443 2378 11
462 2320 575 2380 ratione
596 2318 683 2379 officii
697 2319 768 2378 mihi
782 2318 963 2378 incumbebat
978 2319 1086 2391 dicere,
1112 2320 1291 2392 potissimum

118 2419 183 2488 quia
197 2437 286 2480 sacra
300 2438 427 2480 caesarea
441 2423 577 2496 majestas
593 2424 669 2484 serio
683 2423 740 2482 buc
754 2423 936 2498 perscripsit,
961 2437 998 2481 ne
1018 2423 1165 2480 auditores
1185 2424 1216 2482 in
1230 2423 1290 2482 col-

12 2551 13 2576 1
117 2521 212 2596 loquio
227 2528 311 2600 loqui
325 2531 563 2600 permitteremus.
602 2527 661 2587 Sed
675 2531 701 2588 si
716 2529 762 2586 cui
777 2544 813 2586 ex
831 2526 1012 2587 auditoribus
1032 2541 1096 2584 cum
1109 2526 1289 2598 praesidenti·

13 2715 14 2722 ,
119 2626 171 2688 bus
185 2648 234 2692 res
253 2634 303 2707 sit,
326 2635 351 2691 is
371 2633 559 2705 presidentes
577 2632 615 2692 ad
629 2638 741 2706 partem
757 2631 802 2709 (ut
822 2633 886 2703 ipse
897 2630 1078 2703 loquebatur,
1102 2645 1170 2688 uam
1184 2635 1214 2688 et
1227 2629 1291 2688 baec

119 2747 172 2792 101
185 2736 277 2796 modo
291 2737 391 2810 latina,
408 2736 492 2796 modo
507 2737 672 2811 germanica
694 2735 750 2812 111)
774 2736 947 2811 alloquatur.
986 2734 1126 2794 Brevibus
1145 2735 1289 2809 1110οΕ1-

13 2849 14 2898 ὲ
118 2833 198 2898 bulos
213 2841 378 2913 respoudit:
400 2841 444 2902 1111
465 2841 577 2900 dominc
592 2839 749 2916 Friderice,
773 2857 845 2916 rogo
861 2837 973 2899 et'mibi
987 2841 1101 2899 veniam
1116 2839 1176 2898 des.
1213 2840 1290 2898 Nam

12 2965 15 2981 ι
119 2955 164 2998 111
179 2943 215 3004 de
232 2960 320 3018 prora
335 2949 364 3004 et
378 2946 469 3019 puppi
488 2944 635 3018 religionis
656 2950 762 3006 nostra
784 2950 815 3004 ct
828 2943 977 3018 negocium
992 2943 1099 3003 domim
1112 2943 1205 3004 nostri
1218 2942 1289 3002 Jesu

13 3058 15 3120 ἲ
122 3041 226 3108 Christi
242 3053 272 3108 et
286 3049 385 3110 salutis
399 3055 507 3110 nostrae
523 3050 627 3128 agitur,
644 3055 673 3108 et
687 3055 840 3124 persancte
856 3054 1012 3123 contestor,
1029 3064 1082 3122 ego
1095 3049 1156 3122 jam
1170 3047 1217 3106 bie
1232 3064 1288 3122 ago

12 3185 14 3197 ‹
121 3155 216 3221 partes
231 3153 370 3227 principis
384 3152 517 3226 bominis,
539 3153 564 3212 si
578 3153 742 3227 quishojus
757 3156 788 3212 in
802 3152 857 3212 boo
872 3153 1015 3226 colloquio
1029 3154 1122 3212 minus
1137 3153 1288 3212 honestam

14 3295 15 3312 1
120 3256 292 3314 mentionem
304 3255 422 3330 iaceret,
439 3271 497 3315 non
511 3272 625 3331 possem
639 3257 715 3318 bono
731 3258 876 3319 stomacho
892 3257 1041 3332 devorare,
1058 3274 1116 3333 010
1130 3259 1220 3331 magis
1235 3270 1287 3315 nc·

119 3351 182 3416 larii
197 3360 275 3421 illius
290 3359 412 3434 Hispani
426 3359 516 3420 verba
530 3361 656 3422 animum
669 3379 764 3422 meum
778 3363 853 3424 male
868 3360 1004 3422 afficiant.
1035 3362 1143 3420 Verum
1157 3360 1285 3420 Frideri-

120 3473 166 3518 tus
183 3466 280 3522 nescio
305 3464 376 3539 quid
398 3481 452 3539 pro
472 3481 552 3524 more
576 3467 669 3525 aulico
696 3483 791 3526 secum
813 3467 966 3526 mussitans
986 3464 1126 3521 bonorem
1149 3463 1288 3524 exbibens

121 3561 302 3642 dextramque
317 3569 458 3643 praebens,
480 3574 568 3642 atque
582 3571 624 3629 ita
639 3585 674 3628 ex
688 3570 751 3627 loco
773 3563 908 3641 colloquii
923 3568 1033 3628 abitum
1049 3569 1101 3626 est.
1133 3566 1191 3648 Sed
1205 3568 1287 3628 testis

120 3669 185 3730 mibi
198 3658 440 3759 καρδιογνώστης
458 3673 507 3732 ille
527 3673 659 3732 (10111111
679 3675 710 3730 in
730 3673 776 3732 die
796 3672 847 3731 illa
866 3687 971 3746 magna
985 3671 1093 3730 domini
1108 3673 1200 3730 nostri
1214 3669 1286 3731 Jesu

121 3768 231 3852 Christi,
248 3793 304 3850 010
320 3778 415 3838 auimo
430 3777 595 3838 Ratisbonse
616 3775 680 3834 boec
692 3781 774 3850 gesta
788 3777 859 3851 sint,
876 3777 925 3852 qni
941 3775 1027 3837 dubio
1042 3776 1142 3852 procul
1154 3776 1286 3846 ,omnibus

121 3881 256 3956 ostendet,
273 3897 338 3955 quae
353 3883 398 3941 111
412 3899 575 3956 perperam,
590 3883 637 3942 111
650 3880 787 3941 insidiose
802 3880 840 3941 ab
854 3881 985 3955 utrisque
1000 3881 1167 3942 dictasunt.

204 3984 426 4060 cnrtstophorus
449 3991 479 4046 et
493 3987 642 4061 Philippus
658 3986 737 4046 Seldi
750 3991 834 4061 patre
849 3987 911 4046 cive
933 3985 1116 4060 Augustano,
1142 3986 1284 4056 0111011-
1357 4034 1359 4040 .

120 4079 227 4147 fabrum
241 4092 340 4164 gessit,
357 4096 387 4152 et
401 4096 493 4150 matre
508 4108 545 4150 ex
559 4091 685 4165 ejusdem
700 4089 806 4165 opificii
829 4095 950 4164 parente
964 4093 1117 4164 procreata
1132 4088 1194 4146 nati
1208 4092 1284 4146 sunt.

121 4185 161 4250 Ob
173 4191 338 4254 felicitatem
357 4210 427 4254 varo
447 4196 556 4270 ingenii
579 4196 790 4258 altaiemuudo
804 4195 939 4269 Fuggero
961 4194 1043 4251 unice
1067 4191 1193 4250 adamati
1207 4195 1284 4266 sunt,

121 4293 178 4364 ejus
193 4315 306 4374 quoque
327 4315 417 4373 opera
437 4304 466 4360 et
485 4300 637 4374 impensis,
663 4305 851 4374 posteaquam
870 4299 1008 4372 Augustae
1030 4296 1122 4369 prima
1145 4296 1286 4358 elementa

120 4394 274 4464 litterarum
290 4404 501 4480 addidicerant,
524 4405 658 4480 Lugduni
673 4405 803 4464 Francia
824 4403 853 4462 in
877 4397 1041 4464 doctoratus
1060 4400 1199 4462 bonorem
1219 4417 1284 4475 pro·

998 4507 1037 4563 10
1055 4501 1071 4538 '¹‘
