3000 4904
772 311 835 377 198

219 503 286 562 dum
303 501 435 574 dicerem,
462 513 565 572 rogere
581 512 626 556 me
643 497 727 556 deum
742 499 801 571 opt.
817 511 892 555 mar.
909 501 942 554 ut
955 496 1018 569 ipse
1033 509 1147 569 quoque
1163 507 1230 550 cum
1244 489 1339 550 laetitia
1352 496 1376 548 et

217 607 364 669 commodo
380 605 498 665 mndem
513 619 607 661 ceusae
623 618 683 660 suae
698 618 865 677 prosperum
881 591 989 660 exitum
1003 599 1127 660 nancisci
1142 597 1238 673 possit
1253 601 1320 671 etc,
1337 613 1374 654 re-

217 711 346 788 spondit:
370 711 478 770 Secura
493 713 537 767 est
551 707 621 766 mihi
636 708 811 766 conscientie
825 712 855 766 et
868 707 952 766 deum
966 711 1070 766 testem
1083 705 1202 776 invoco,
1225 701 1303 774 quod
1314 700 1375 758 nihil

217 821 361 895 appetam,
378 833 463 889 quam
478 813 556 888 quod
571 811 639 870 mihi
652 813 718 886 jure
733 813 830 872 divino
845 818 874 872 et
888 813 1012 871 humano
1028 810 1126 870 deberi
1142 808 1247 880 sciam,
1269 822 1321 864 nec
1332 805 1378 864 hoc

217 923 332 999 quidem
346 923 440 997 ipsum
456 922 532 980 omni
548 934 584 978 er
599 923 683 993 parte
698 918 841 990 integrum
855 917 937 978 reddi
953 921 1030 992 peto,
1046 915 1131 975 modo
1143 913 1269 987 aequitas
1283 927 1379 970 mecum

219 1033 361 1088 servetur.

306 1131 416 1206 Rogavi
432 1129 554 1189 eundem
569 1127 699 1188 comitem
714 1133 746 1187 ut
767 1143 813 1187 me
833 1127 911 1203 apud
931 1127 1177 1201 archiepiscopum
1199 1122 1380 1182 coloniensem

219 1245 385 1299 excusatum
400 1227 521 1296 heberet
534 1235 660 1310 ipsique,
678 1233 754 1306 quod
770 1251 824 1309 pro
838 1251 883 1293 me
898 1234 1078 1294 intercedere
1094 1211 1233 1305 diguatus
1249 1229 1302 1302 sit,
1325 1242 1380 1300 qra-

218 1345 274 1403 ties
290 1348 399 1418 egeret.
1143 1413 1145 1418 Α

308 1448 442 1522 Philippo
459 1460 570 1520 quoque
587 1442 768 1520 aHomberg
783 1447 895 1520 injunxi
909 1449 942 1504 ut
960 1459 1006 1503 me
1027 1443 1103 1516 apud
1123 1447 1285 1517 cognatum
1299 1437 1380 1500 archi·

220 1555 384 1628 episcopum
400 1551 607 1610 Treverensem
623 1557 774 1610 excusaret
788 1567 822 1610 ao
837 1549 974 1611 nonnulle
988 1549 1030 1608 illi
1044 1546 1176 1608 referret.

309 1656 479 1716 Wilholmus
504 1671 639 1716 comesa
667 1653 858 1729 Witgeustein
885 1653 967 1714 nobis
989 1652 1127 1713 valedixit
1153 1658 1184 1712 et
1209 1652 1325 1714 nomine
1342 1665 1382 1708 ec·

222 1763 298 1821 mitis
311 1760 432 1821 Joennis
447 1778 465 1820 a
480 1761 548 1820 Scin
562 1759 710 1820 nobiscum
724 1760 835 1820 locutus
851 1765 964 1820 estnon
979 1759 1075 1818 Hense
1090 1757 1180 1817 Lohe.

312 1865 442 1924 Tandem
465 1864 504 1922 ad
525 1865 681 1939 hospitium
704 1871 852 1924 revertens
874 1865 980 1943 hospiti
1002 1880 1055 1937 pro
1078 1863 1198 1937 singulis
1223 1862 1383 1921 solutionem

222 1972 286 2032 fieri
298 1971 382 2046 jussi,
398 1985 466 2029 coco
483 1968 634 2043 diploidem
649 1971 769 2030 sericam
784 1970 861 2030 dedi.
891 1971 990 2030 Jostus
1006 1969 1102 2030 trebes
1119 1973 1148 2028 et
1162 1969 1248 2042 tigna
1262 1966 1324 2027 dari
1337 1963 1382 2023 sibi

222 2077 309 2152 cupit.
1031 2145 1034 2153 Ι

313 2179 391 2239 Seldi
406 2179 531 2239 doctoris
546 2181 630 2239 uxori
649 2179 776 2241 thaleros
795 2179 955 2255 quindecim
974 2181 1004 2239 in
1024 2179 1211 2238 honorarium
1232 2177 1306 2236 misi.
1336 2173 1380 2232 Oa-

222 2288 348 2348 tenulam
363 2301 481 2345 auream
499 2300 552 2361 pro
571 2282 670 2344 decem
690 2291 719 2344 et
740 2291 848 2361 septem
869 2285 988 2345 theleris
1007 2291 1037 2344 at
1058 2285 1279 2358 quatuordecim
1301 2278 1382 2340 batzis

222 2395 259 2453 ab
275 2392 399 2453 Otthone
414 2391 478 2450 auri
493 2387 577 2450 fabro
592 2392 622 2449 in
637 2392 753 2450 renium
768 2391 866 2452 uxoris
881 2391 945 2452 emi.

311 2498 433 2557 Lindius
449 2513 497 2570 ea,
515 2511 579 2569 quae
594 2496 637 2554 illi
653 2495 863 2555 committebam
879 2496 958 2573 (nam
972 2495 1080 2554 Florus
1095 2510 1211 2575 quoque
1225 2503 1381 2556 recassms

221 2603 297 2680 erat)
313 2605 423 2678 optima
437 2601 493 2660 fide
509 2617 539 2660 sc
556 2604 741 2659 executurum
755 2601 895 2674 promisit.

309 2709 435 2776 Pileqlos
450 2707 626 2778 holosericos
643 2708 768 2781 quinque
783 2709 812 2765 in
824 2723 911 2765 usum
931 2705 1028 2766 filiolae
1049 2712 1078 2765 et
1098 2703 1333 2779 pedissequarum
1350 2695 1382 2758 ab

220 2814 334 2888 hospite
348 2816 449 2873 nostro
465 2813 530 2871 emi.
674 2811 676 2819 '

311 2917 416 2976 Lindie
431 2917 535 2976 thaleri
551 2916 608 2976 duo
623 2915 684 2976 dati
701 2921 776 2976 sunt.

312 3021 442 3081 Tandem
457 3019 593 3082 Gleserus
608 3023 745 3096 magister
760 3023 839 3082 uenit
853 3023 935 3082 nobis
950 3037 1118 3096 prosperum
1134 3022 1189 3080 iter
1203 3025 1337 3095 precatus
1354 3029 1382 3074 ec

223 3128 335 3185 litteras
351 3125 390 3185 ed
404 3128 562 3200 prinoipem
577 3145 660 3188 suum
675 3128 758 3187 nobis
774 3125 904 3188 tradidit.

210 3269 213 3280 ·
273 3215 280 3228 ”
312 3232 443 3306 Hospitis
458 3233 555 3305 uxori,
575 3231 674 3293 liberis
690 3236 720 3290 et
734 3229 848 3291 familiae
864 3235 894 3291 in
909 3235 1075 3316 propinem,
1100 3238 1132 3290 ut
1146 3236 1264 3306 vocant,
1287 3224 1381 3290 thaleri

223 3344 288 3401 octo
311 3342 340 3398 et
364 3339 439 3399 betzi
459 3355 510 3398 sex
530 3338 590 3398 dati
613 3343 687 3398 sunt.
724 3337 817 3396 Porro
839 3336 958 3398 Liborio
978 3338 1150 3412 iniunctum,
1173 3337 1256 3396 utin
1276 3333 1380 3395 tertiam

221 3462 313 3520 usque
328 3446 432 3506 abhinc
446 3444 521 3505 dem
536 3443 674 3518 Augustae
690 3448 922 3520 commoreretur.

310 3552 389 3610 Note
409 3551 487 3624 quod
509 3565 671 3624 quanquam
691 3549 872 3608 Hermennus
895 3549 1059 3608 aViermin
1079 3549 1157 3624 apud
1171 3553 1313 3608 nostrates
1327 3544 1378 3619 glo·

221 3657 313 3714 rietus
329 3656 374 3726 sit,
391 3670 422 3713 se
437 3656 558 3728 litteras,
574 3661 607 3714 ut
621 3656 662 3714 ita
676 3655 788 3730 loquer,
805 3655 995 3731 protectories
1010 3670 1028 3713 a
1043 3669 1151 3713 cessere
1164 3654 1279 3728 hebere,
1296 3660 1380 3714 taum

222 3775 281 3818 non
296 3758 388 3815 miuus
403 3758 450 3814 bic
465 3759 643 3820 consiliarios
658 3761 821 3834 imperiales
836 3761 871 3820 dc
886 3759 1046 3820 redditibus
1061 3776 1095 3818 ac
1104 3757 1287 3819 facultatibus
1301 3757 1379 3833 ipsius

223 3860 439 3938 diligentissime
461 3862 576 3933 inquiri.
606 3863 700 3938 Adde,
723 3866 848 3940 Viglium
867 3866 985 3932 dixisse:
1010 3862 1114 3924 Videat
1132 3864 1313 3925 Hermannus
1331 3876 1379 3936 quo

225 3969 336 4028 Theseo
351 3968 403 4026 bas
418 3967 529 4026 litteras
544 3972 645 4026 nactus
661 3969 707 4028 sit.
732 3971 804 4029 Item
820 3971 856 4031 de
865 3969 1002 4045 Vulphila
1015 3971 1093 4028 intus
1109 3975 1138 4030 et
1152 3970 1183 4028 in
1198 3976 1263 4032 cute
1277 3968 1379 4031 nomine

224 4077 253 4132 et
268 4089 300 4132 re
319 4073 397 4147 lupo.
429 4061 664 4146 interrogaverat
683 4090 797 4147 quoque
816 4077 926 4150 Viglins
947 4073 1167 4150 Kniephausen,
1192 4077 1323 4150 quidnam
1342 4069 1377 4130 rei

224 4179 374 4238 comitibus
386 4182 407 4238 'a
422 4178 564 4238 Waldeclr
578 4195 642 4238 cum
657 4177 813 4239 baronibus
829 4180 864 4240 dc
879 4181 1002 4253 Bouron,
1020 4181 1114 4254 quiin
1125 4182 1232 4256 campis
1247 4175 1378 4242 latissimis

226 4281 388 4342 Seudticldt
402 4286 432 4343 in
446 4291 541 4345 cestro
556 4287 671 4345 Beuren
686 4291 944 4362 commorerentur,
968 4292 1057 4361 esset,
1081 4288 1163 4360 quasi
1178 4288 1245 4362 quie
1263 4285 1336 4360 Argo
1352 4281 1377 4338 iu

229 4390 408 4464 expiscaudis
423 4391 544 4452 eliorum
559 4393 686 4469 negociis
702 4393 842 4455 oculatior
857 4393 911 4452 boc
924 4393 1057 4452 nesciret.
