2940 4900
683 333 746 399 159

105 511 199 569 bellus
215 511 301 571 visus
319 515 374 588 sit,
390 513 549 572 desciscens
565 531 583 574 a
597 518 719 575 veritate
734 517 764 574 in
785 517 932 574 interitum
953 518 1072 578 trahens
1088 525 1187 580 secum·
1199 536 1298 582 omnes

103 633 205 676 servos
223 619 294 690 eius
312 619 447 678 Interim.

193 719 359 780 Dicuntur
374 724 468 782 adhuc
483 728 597 783 centum
612 725 723 783 nobiles
740 741 776 784 ex
791 724 882 784 (latiis
898 731 928 785 et
942 728 1007 788 aliis
1022 730 1184 789 nationibus
1199 747 1297 790 accer-v

102 823 163 897 siti,
189 826 244 896 qui
261 828 395 898 pecunia
414 828 640 903 mulctabuntur,
666 829 743 902 quod
761 833 1022 905 propugnatoribus
1043 834 1173 894 veritatis
1187 835 1293 894 milita·

102 929 208 987 verint.
716 921 725 938 ‘

193 1033 335 1104 Quidam
350 1036 453 1110 Italus,
477 1037 526 1108 qni
547 1035 685 1096 hacteuus
708 1037 814 1109 primas
828 1043 894 1110 post
909 1039 1009 1098 ducem
1025 1041 1061 1100 de
1075 1041 1151 1101 Alba
1165 1041 1196 1100 in
1211 1055 1293 1102 exer-

102 1139 160 1193 citu
175 1153 359 1197 caesareano
375 1140 480 1198 dicitur
494 1143 629 1214 tenuisse,
646 1144 775 1214 captivus
790 1143 931 1201 adductus
946 1151 1000 1202 est.
1033 1145 1088 1216 Qui
1103 1162 1167 1204 cum
1182 1147 1219 1206 ab
1233 1148 1292 1207 Ita·

101 1238 136 1296 lis
151 1239 276 1300 effando
294 1250 328 1302 et
349 1245 524 1303 consolando
545 1252 711 1304 reverenter
730 1245 777 1304 hic
798 1247 913 1306 habitus
928 1251 979 1321 sit,
1000 1249 1060 1320 jnm
1073 1250 1156 1321 jussu
1171 1252 1294 1322 impera-

102 1344 174 1402 toris
189 1362 325 1417 prorsus
341 1348 473 1407 omnibus
489 1349 652 1422 prohibitus
668 1355 712 1408 est
726 1351 763 1410 ad
777 1352 871 1424 ipsum
893 1367 1033 1410 accessus.
1070 1353 1111 1412 Ei
1125 1353 1192 1411 Itali
1206 1353 1294 1426 buJus

103 1446 191 1516 pedes
207 1454 330 1510 catenis
347 1453 495 1512 constricti
511 1453 652 1512 dicuntur.
942 1529 945 1536 Ι

190 1554 278 1615 Nota
296 1557 336 1614 de
350 1556 369 1616 J
371 1573 463 1616 canuc
478 1557 639 1630 Ungnaden
654 1560 751 1631 equite
766 1560 906 1632 ungarico
922 1559 1073 1618 dicebatur
1087 1561 1216 1632 quamvis
1231 1576 1290 1619 non

102 1654 217 1716 iniimus
233 1661 474 1720 consiliariorum
481 1661 659 1720 Ferdinandi
675 1665 753 1756 regis
769 1665 815 1737 sit,
832 1669 928 1722 tanim
944 1666 1093 1723 conciones
1109 1666 1289 1724 ecclesiasta·

8 1823 9 1828 η
101 1777 164 1818 rum
180 1749 365 1838 evangelicae
381 1763 567 1839 professionis
581 1764 767 1838 frequentare
788 1783 823 1826 ac
841 1767 937 1841 palam
956 1767 1033 1840 apud
1055 1769 1194 1828 semideos
1217 1769 1291 1850 auli·

103 1879 150 1922 cos
165 1870 331 1928 veritatem
345 1867 508 1941 defendere,
524 1872 736 1944 propterquod
751 1876 781 1931 et
795 1872 876 1931 brevi
893 1873 1056 1931 missionem
1070 1873 1220 1933 habiturus
1235 1888 1287 1931 au·

14 2027 15 2031 ,
103 1967 169 2028 diet.
195 1973 314 2031 Procul
329 1972 442 2044 abhinc,
460 1974 508 2045 qui
523 1974 585 2032 vult
599 1991 662 2033 esse
678 1975 750 2047 pius.

191 2076 314 2136 Eadem
335 2077 481 2136 doctorem
501 2078 669 2136 Udelricum
690 2079 870 2138 Mordteiseu
894 2081 1076 2138 convenimus
1090 2081 1128 2139 ab
1143 2095 1178 2138 eo
1193 2079 1288 2139 edocti

13 2143 16 2214 ¹,
107 2175 208 2236 ducem
223 2181 401 2240 Mauritinm
415 2181 487 2239 nihil
510 2183 682 2240 consiliariis
706 2184 765 2242 suis
781 2184 919 2258 Auguste
934 2189 999 2256 post
1014 2200 1045 2242 se
1060 2185 1168 2242 relictis
1182 2184 1218 2243 de
1233 2189 1289 2244 no-'

15 2265 16 2290 ³
108 2286 167 2338 stre
182 2299 276 2344 eausa
290 2287 467 2344 commisisse
482 2283 653 2358 eosdemque
668 2303 775 2359 paucos
791 2289 852 2346 dies
867 2288 1012 2359 posthinc
1026 2286 1163 2345 abituros.

195 2388 225 2446 A
241 2407 329 2450 coeua
344 2389 541 2450 Marschalcus
557 2389 692 2449 Luderitz
707 2391 790 2449 nobis
805 2391 905 2448 retulit
927 2390 1118 2447 marchionem
1134 2389 1288 2449 electorem

110 2488 269 2558 pollicitum
285 2510 317 2551 se
333 2499 362 2552 et
377 2496 469 2552 nostri
483 2497 654 2552 mentionem
677 2494 755 2567 apud
778 2509 914 2551 caesareru
927 2491 992 2551 fieri
1005 2508 1174 2565 procurasse
1190 2497 1219 2552 et
1233 2494 1287 2553 ad·
1315 2527 1320 2534 .

9 2657 11 2662 s
109 2589 164 2650 buc
177 2602 212 2655 nt
227 2599 309 2658 idem
324 2596 376 2655 fini
387 2598 489 2670 jubere
504 2599 587 2658 velle.

197 2701 322 2761 Fratres
338 2705 429 2760 nostri
445 2701 523 2775 apud
537 2703 669 2760 comitem
685 2699 845 2759 deNassau
862 2704 891 2758 et
907 2701 1051 2760 doctorem
1057 2697 1190 2758 carolum
1196 2698 1289 2758 Harst

115 2813 216 2872 parum
233 2805 348 2863 consilii
361 2821 509 2878 reperere.

14 3197 19 3284 i

197 2909 313 2968 Eadem
333 2910 410 2983 apud
426 2910 587 2969 Conradum
602 2909 729 2968 Fabrum
748 2909 778 2966 iu
797 2923 879 2966 inum
901 2925 999 2968 socrus
1014 2905 1253 2983 horologiolumi
1270 2935 1286 2952 ν

14 2991 15 2994 “
112 3007 217 3072 briensi
233 3015 405 3073 curavimus.
430 3013 582 3073 Constabit
597 3015 723 3086 quinque
737 3011 862 3071 florenos
877 3013 1033 3072 communis
1047 3017 1180 3072 monetae.

201 3118 373 3178 chunradus
388 3120 471 3192 Foss,
488 3119 616 3176 Joanues
626 3118 781 3191 Leidebur,
795 3117 967 3198 Franciscus
982 3117 1112 3176 Leunick
1128 3118 1285 3176 desummo

115 3224 242 3287 pecuniae
259 3239 322 3280 cum
337 3223 508 3282 caesareanis
523 3223 631 3295 harpiis
646 3239 814 3296 convenere,
829 3227 888 3282 tam
902 3223 1017 3282 lucrosa
1037 3238 1084 3282 res
1101 3226 1144 3282 est
1159 3224 1285 3296 impera·

115 3322 194 3384 torus
209 3327 294 3386 bonis
309 3328 483 3386 insenuisse.

200 3433 241 3506 xij
258 3434 338 3491 Junii
353 3434 382 3491 in
397 3433 459 3490 sede
473 3431 605 3490 Mauritii
619 3430 797 3506 Wolgnngus
812 3431 960 3488 Masculus
983 3428 1045 3486 haec
1064 3429 1154 3487 verba
1169 3443 1205 3485 ex
1219 3443 1284 3500 cap,

120 3531 155 3588 15
171 3535 293 3596 Joannis
308 3537 394 3610 legit:
419 3537 506 3594 »Non
521 3551 573 3593 vos
586 3550 634 3592 mc
645 3536 788 3608 elegistis,
806 3532 857 3591 sed
872 3549 926 3605 ego
941 3532 1014 3604 elegi
1034 3547 1087 3598 vos
1103 3536 1133 3589 et
1147 3531 1283 3588 constitui

117 3648 163 3694 vos
177 3644 210 3699 ut
225 3643 298 3700 entis
314 3648 343 3699 et
357 3639 481 3700 fructum
503 3638 640 3712 efferatis,
657 3644 687 3696 et
700 3637 810 3695 fructus
825 3641 922 3695 vester
934 3638 1064 3708 maneat,
1080 3639 1125 3708 ut,
1142 3632 1284 3709 quidquid

117 3743 252 3807 petieritis
267 3751 378 3819 patrem
392 3747 424 3803 in
440 3746 553 3802 nornine
567 3759 640 3816 meo,
658 3743 706 3802 det
715 3741 827 3801 vobis«
851 3739 964 3798 Deinde
978 3740 1077 3800 eadem
1092 3738 1182 3801 verba
1196 3756 1286 3815 pecu·

118 3839 177 3904 lieri
191 3851 315 3922 quodam
329 3851 447 3923 spiritns
462 3867 485 3908 s.
501 3850 576 3909 dono
593 3847 771 3922 explanarit,
788 3845 884 3904 diceus
899 3842 948 3902 hic
960 3844 1150 3905 animadverti
1165 3844 1284 3918 debere,

118 3961 170 4017 quo
184 3955 279 4012 animo
295 3954 426 4014 Christus
442 3959 471 4012 et
485 3954 678 4026 praecedcntia
693 3956 722 4010 et
736 3951 798 4008 haee
812 3947 932 4023 dixerit,
955 3951 1089 4009 nimirum
1108 3953 1141 4008 ut
1156 3948 1282 4019 discipu-

118 4049 157 4112 los
170 4059 344 4117 inmutuam
367 4059 550 4118 dilectionem
570 4057 730 4114 attraheret
749 4053 878 4129 exemplo
899 4058 928 4114 et
942 4052 1116 4113 exhibitione
1132 4049 1285 4109 charitatis

118 4169 171 4216 suae
185 4177 256 4234 erga
270 4163 349 4236 ipsos
365 4167 418 4222 etc.
456 4161 507 4220 Ait
529 4175 643 4233 quoque
658 4160 686 4220 d.
702 4158 893 4234 August-inum
912 4159 988 4218 bunc
1005 4158 1100 4216 locum
1115 4151 1231 4225 quidem
1245 4152 1284 4213 de

118 4264 266 4325 universali
286 4267 426 4327 electione
448 4267 573 4325 omnium
597 4262 822 4324 christifidelium
842 4267 872 4322 et
891 4263 1048 4322 electorum
1062 4258 1118 4316 Dei
1141 4257 1283 4318 adultam

118 4361 224 4430 beatem
238 4371 409 4446 intelligere,
426 4371 498 4430 sicut
522 4377 552 4430 et
567 4370 595 4430 d.
611 4369 718 4430 Paulus
733 4368 815 4428 dicit:
839 4367 916 4438 Quos
935 4361 1162 4438 praedefinierat,
1183 4362 1237 4424 hos
1252 4368 1285 4423 et
